3078 5016
569 617 668 679 Cirrr
691 615 738 677 lll.
1074 617 1142 678 xlx

153 795 229 857 ullos
251 812 379 874 unquam
403 795 538 872 admisit,
560 797 599 856 ita
624 793 798 856 vaticinium
817 813 870 874 pro
893 795 1074 856 carminibus
1096 795 1146 857 di-

83 905 94 920 “
155 910 233 964 etum
257 920 325 964 esse
357 903 422 964 sive
457 903 630 964 allaterno
664 905 729 964 sire
757 904 793 964 ab
827 902 983 963 adulatore
1005 902 1146 979 Neronis,

154 1009 185 1071 id
206 1009 292 1070 fidem
315 1010 465 1071 excedere
487 1010 557 1071 mibi
580 1009 706 1071 videtur.
757 1010 889 1071 Alterum
915 1009 994 1089 quod
1023 1007 1149 1090 oppono

153 1115 306 1178 Welclreri
328 1101 521 1178 coniecturae
543 1117 602 1178 boo
624 1123 679 1195 est,
703 1117 817 1178 nullam
834 1119 934 1178 inesse
957 1115 1051 1177 Taciti
1072 1135 1145 1178 ver-

153 1223 199 1283 bis
221 1225 468 1304 significationem
491 1243 547 1304 qua
572 1202 786 1286 admoneamur
799 1243 906 1286 vocem
926 1223 1063 1284 vaticinii
1084 1242 1147 1302 po.

153 1328 273 1389 tentiam
296 1348 334 1390 ex
351 1347 413 1395 ,ore
435 1329 510 1391 allus
532 1329 661 1392 bominis
683 1349 700 1391 a
724 1331 859 1391 Materno
883 1334 1039 1409 repetitam
1063 1351 1143 1394 esse.

152 1435 304 1498 Postremo
328 1439 359 1498 in
381 1437 437 1498 bae
459 1438 618 1498 verborum
640 1437 886 1516 interpretatione
896 1437 1021 1498 Domitii
1041 1441 1145 1500 nomi·

152 1541 200 1628 nis
221 1544 297 1602 ratio
322 1545 394 1603 satis
427 1543 570 1622 explicari
602 1545 713 1622 nequit.
757 1543 817 1604 lam
841 1545 867 1604 si
890 1547 1035 1624 scriptura
1059 1547 1143 1607 outi-

152 1651 222 1710 cinii
239 1651 404 1729 potentium
425 1651 520 1710 teneri
542 1667 603 1710 non
624 1655 743 1726 potest,
777 1669 875 1730 neque
897 1650 953 1712 alia
976 1652 1145 1728 explicandi

150 1759 199 1818 via
222 1772 297 1836 quae
321 1757 426 1819 melius
447 1756 573 1818 traditae
607 1757 730 1816 lectioni
762 1758 923 1818 conveniat
955 1775 1042 1838 quam
1064 1758 1141 1819 haee

151 1879 168 1922 a
194 1863 281 1922 nobis
304 1863 395 1924 modo
419 1861 547 1922 refutata
577 1860 674 1922 adbuc
703 1863 875 1942 excogitata
907 1869 953 1924 cst
973 1881 1072 1942 neque
1093 1868 1144 1926 in-

150 1971 247 2029 ueniri
267 1977 389 2048 potest,
423 1969 511 2030 l'acile
536 1970 689 2049 apparebit
719 1971 866 2030 leniorem
891 1973 975 2051 aegri
995 1969 1056 2033 loci
1077 1991 1145 2033 me-

152 2077 280 2136 dicinam
306 2093 393 2155 quam
425 2075 646 2136 Gronovianam
680 2077 759 2136 illam
789 2077 918 2156 prolerri
949 2095 1010 2137 non
1041 2097 1142 2158 posse.

147 2183 241 2262 Origo
266 2189 363 2242 autem
389 2183 588 2262 corruptionis
611 2184 686 2244 baec
709 2184 828 2245 videtur
850 2183 953 2261 inisse,
977 2191 1009 2245 ut
1033 2187 1069 2261 is,
1094 2187 1145 2265 qni

148 2305 186 2347 ex
207 2287 283 2348 libro
306 2289 395 2350 orrico
420 2288 500 2349 unde
524 2290 620 2349 nostri
642 2270 764 2350 c'odices
786 2307 890 2351 omnes
912 2292 968 2351 orti
993 2299 1061 2352 sunt
1077 2295 1142 2370 pri-

147 2411 213 2455 mus
233 2413 341 2455 novum
365 2395 463 2472 iecit,
496 2395 603 2455 vatinii
631 2395 756 2457 lormam
787 2415 879 2474 parva
913 2397 1010 2461 littera
1035 2401 1141 2462 initiali

147 2502 306 2562 incurrens
328 2508 357 2563 et
380 2502 418 2562 de
436 2501 557 2562 homine
581 2501 653 2561 nihil
676 2506 815 2583 cogitans
828 2523 867 2564 ne
890 2523 998 2566 nomen
1021 2507 1140 2584 quidem

147 2605 280 2667 Latinum
298 2625 332 2668 se
355 2608 466 2688 legere·
481 2615 597 2687 putaret
612 2607 753 2687 ideoque,
776 2610 855 2669 baud
875 2617 1041 2690 opportune
1056 2613 1142 2673 verbi

144 2715 331 2776 vaticinandi
351 2717 548 2794 reeordatus,
587 2717 774 2780 confidenter
802 2719 938 2780 ooticinii
961 2723 1140 2801 corrigeret.

147 2822 316 2884 Gronovius
338 2825 456 2903 quidem
481 2825 518 2884 ad
542 2842 643 2885 veram
666 2827 729 2886 vitii
749 2807 968 2887 correctionem
994 2825 1140 2889 deductus

146 2936 192 2990 est
212 2931 316 3008 partim
332 2932 462 3010 imagine
484 2931 531 2990 illa
544 2931 663 3005 Vatinii,
676 2949 762 3010 quam
780 2935 808 2990 io
824 2934 990 2993 Annalibus
1003 2935 1071 3010 (XV
1081 2935 1136 3008 34)

146 3033 265 3095 Tacitus
288 3037 412 3115 egregie
435 3036 607 3112 delineavit,
631 3038 735 3114 partim
762 3040 842 3115 quod
864 3039 993 3100 bominis
1015 3043 1136 3101 nomine

144 3160 218 3220 opus
241 3159 309 3202 esse
342 3141 380 3202 ad
409 3161 511 3203 verum
546 3143 605 3203 loci
633 3143 815 3204 intellectum
848 3147 942 3223 probe
976 3148 1133 3207 sentiebat.

142 3249 247 3310 Cetera
270 3266 343 3310 vero
372 3267 448 3330 quae
478 3250 515 3311 ad
540 3251 632 3310 Taciti
665 3253 758 3312 verba
785 3251 852 3312 luce
881 3253 1053 3314 illustranda
1078 3273 1136 3314 oe-

62 3399 66 3406 ·
144 3359 278 3418 cessaria
303 3365 389 3418 erant
410 3375 512 3437 parum
547 3361 707 3438 perspexit.
751 3359 794 3418 Ea
825 3362 914 3439 igitur
944 3379 999 3419 nos
1024 3362 1133 3421 iamin

139 3465 373 3542 supplementum
394 3465 592 3542 proferemus.

223 3571 255 3633 Si
275 3571 441 3648 Maternus,
477 3571 507 3630 id
533 3570 617 3649 ‘quod
641 3571 706 3650 ipse
728 3571 804 3650 apud
825 3571 955 3632 Tacitum
977 3573 1131 3652 profitetur

140 3687 255 3754 (neque
285 3678 442 3758 quidquam
474 3679 571 3758 arguit
602 3696 704 3739 coram
737 3681 840 3740 amicis
863 3679 1037 3759 aequalibus
1060 3699 1127 3741 eum

139 3783 291 3842 mentitum
317 3788 482 3847 autminus
505 3803 577 3846 uere
599 3787 730 3846 loentum
753 3797 850 3863 esse),
872 3786 1048 3847 recitatione
1064 3787 1130 3848 Do-

137 3888 209 3949 mitii
226 3888 391 3966 polentiam
410 3887 526 3966 Vatinii,
546 3889 713 3951 foedissimi
727 3891 757 3950 in
781 3888 847 3950 aula
857 3889 985 3950 Neronis
1008 3892 1128 3968 ostenti,

137 3995 236 4074 srepit,
258 4001 307 4056 aut
331 3997 426 4075 ipsum
450 3995 595 4057 Vatinium
619 4005 667 4059 aut
689 3997 840 4058 hominem
863 3997 994 4058 moribus
1018 3999 1058 4058 illi
1082 3999 1126 4058 si-

137 4103 235 4162 milem
258 4103 287 4162 in
311 4117 347 4161 ea
369 4100 467 4161 tabula
489 4099 591 4161 induci
614 4106 752 4180 oportuit.
782 4103 849 4182 lpse
870 4103 970 4164 induci
990 4119 1050 4161 non
1067 4119 1127 4182 po-

137 4208 200 4285 tuit,
221 4208 301 4288 quod
314 4207 428 4271 Claudii
440 4207 578 4272 Caesaris
601 4211 793 4288 temporibus,
817 4213 896 4273 unde
920 4220 1125 4292 argumentum
