3078 5016
373 528 427 590 ΧΠ
760 528 985 590 Panurnrronrs

371 709 521 783 icbratac,
552 705 607 767 scd
631 722 700 766 csse
720 711 935 798 praetentum,
957 706 1016 767 hoc
1040 712 1086 767 est
1108 706 1254 768 eiusmodi
1280 706 1368 768 tabu-

373 815 453 888 iom,
489 813 573 872 cuius
596 816 802 889 argumentum
824 827 885 872 non
914 829 954 872 ex
976 812 1086 890 mythis
1107 813 1290 875 Graecorum
1312 815 1366 876 sed

372 939 411 982 ex
432 918 566 980 historiis
587 917 729 978 Romanis
749 918 870 994 petitum
892 918 939 977 sit.

475 1196 521 1262 tt.
565 1193 735 1262 Curiatius
756 1195 932 1262 Maternus
955 1205 1072 1264 auctor
1093 1199 1262 1266 Octauiae.

458 1377 542 1450 Quae
562 1347 659 1437 adhuc
685 1377 916 1456 disputavimus,
940 1377 1017 1440 hacc
1038 1397 1076 1441 eo
1100 1379 1235 1456 tendunt,
1255 1385 1287 1440 ut
1309 1397 1367 1440 au-

373 1490 439 1545 ctor
453 1483 597 1544 Octaviae
618 1478 875 1563 circumspiciatur
899 1492 929 1547 et
949 1488 1120 1566 anrpriratur
1140 1505 1158 1547 a
1174 1485 1263 1548 nobis
1278 1486 1368 1560 ¹eius-

373 1592 477 1666 modi‚
515 1593 564 1670 qui
585 1589 713 1651 Neronis
735 1596 870 1669 tempora
906 1593 996 1652 etiam
1018 1592 1127 1654 viderit
1150 1610 1186 1653 ac
1208 1599 1276 1673 post
1297 1592 1368 1654 obi-

374 1705 434 1760 tum
458 1698 522 1758 eius
543 1697 716 1777 tragoedias
746 1697 899 1774 ediderit,
937 1701 987 1778 qui
1008 1699 1133 1761 Graecis
1167 1699 1274 1760 tabuiis
1304 1716 1366 1761 non

375 1811 535 1865 contentus
556 1804 646 1864 etiam
670 1821 709 1864 ex
730 1803 871 1864 Romanis
892 1806 982 1866 rebus
1004 1813 1179 1886 argumenta
1202 1807 1366 1867 carminum
1393 1876 1396 1882 p

375 1908 570 1987 repetiverit,
609 1909 659 1986 qui
680 1907 825 1970 Senecam
849 1915 1001 1971 auctorem
1035 1918 1154 1972 secutus
1180 1919 1210 1973 et
1237 1913 1367 1974 imitatus

375 2016 423 2093 sit,
450 2015 560 2094 quique
580 2032 641 2076 non
664 2015 694 2075 in
714 2031 837 2076 scenam
857 2023 996 2095 poemata
1016 2034 1071 2079 sua
1094 2020 1287 2096 commiserit,
1311 2018 1367 2080 sed

374 2121 551 2183 recitantem
584 2137 653 2183 sese
683 2120 873 2182 audientibus
904 2128 934 2182 et
964 2122 1133 2202 legentibus
1163 2122 1366 2184 destinaverit.

373 2229 458 2290 Haec
479 2217 617 2290 omnia'
608 2245 641 2290 ru
669 2229 819 2288 neminem
853 2229 910 2288 nisi
937 2231 969 2291 in
999 2227 1168 2290 Curiatium
1197 2229 1369 2290 Maternum

376 2343 527 2398 oratorem
558 2341 588 2396 ct
608 2342 728 2415 poetam
761 2335 943 2395 conveniunt
970 2334 1002 2396 in
1030 2351 1128 2414 eoque
1155 2336 1310 2416 praeclare
1337 2341 1368 2396 et

376 2445 467 2504 unice
488 2449 679 2504 concurrunt.
709 2441 762 2503 'ls
785 2443 863 2502 enim
893 2447 922 2502 et
942 2441 1115 2522 tragoedias
1137 2444 1316 2521 conscripsit
1337 2448 1368 2504 et

374 2555 565 2631 praetextas,
594 2557 682 2629 atque
703 2547 783 2612 idem
805 2566 881 2610 unus
902 2555 948 2610 cst
972 2549 1022 2630 qui
1042 2551 1170 2629 scriptor
1187 2552 1406 2628 praetectu-

376 2675 444 2718 rom
467 2658 557 2718 etiam
577 2657 635 2717 hac
651 2663 748 2718 aetate
769 2657 906 2734 innotuit,
928 2674 1027 2736 neque
1049 2657 1174 2738 posthac
1195 2657 1272 2718 uitus
1293 2657 1368 2717 atius

378 2767 410 2826 in
438 2765 544 2827 litteris
562 2763 675 2824 Latinis
705 2769 878 2842 comparet,
906 2763 956 2842 qui
983 2770 1152 2842 praetextas
1184 2780 1368 2842 componere

376 2871 539 2952 adgressus
561 2871 606 2931 sit.
648 2868 737 2931 Adde
760 2869 839 2950 quod
860 2871 1010 2931 dictemus
1031 2872 1189 2950 postremis
1204 2871 1368 2935 Neroniani

376 2977 559 3060 principatus
593 2977 680 3036 annis
707 2974 843 3054 fabatum
860 2981 1052 3054 praetentam
1072 2975 1226 3038 recitando
1257 2978 1369 3038 carmi-

377 3102 447 3147 num
461 3084 587 3164 gioriam
610 3083 759 3161 auspicari
780 3084 879 3162 coepit
898 3101 935 3143 ac
958 3083 1067 3146 dehinc
1083 3103 1138 3165 per
1152 3086 1271 3164 longius
1291 3090 1370 3144 tem-

377 3193 460 3272 poris
483 3190 608 3268 spatium
639 3195 669 3248 et
690 3186 863 3267 tragoedias
890 3187 1008 3251 Graeco
1030 3207 1114 3250 more
1137 3190 1317 3268 compositas
1339 3195 1370 3250 et

380 3302 552 3378 praetextas
574 3294 737 3372 recitavit,
770 3295 869 3356 donec
897 3312 914 3356 a
937 3296 1107 3358 Domrtrano
1130 3295 1264 3375 principe
1289 3311 1370 3356 anno

285 3480 287 3483 ι
382 3410 450 3484 post
481 3403 627 3465 Christum
655 3407 754 3463 natum
793 3404 990 3502 nonagesimo
1019 3403 1114 3482 primo
1146 3412 1193 3479 (=
1227 3403 1264 3463 ab
1292 3402 1368 3463 urbe

382 3509 472 3571 cond.
494 3506 572 3588 844]
595 3507 770 3571 interiectus
793 3496 850 3585 cst,
873 3509 953 3589 quod
974 3509 1055 3571 idem
1076 3509 1222 3573 Senecam
1240 3510 1371 3570 imitatus

381 3621 468 3678 estet
483 3615 615 3676 carmina
630 3632 684 3676 sua
696 3623 758 3674 non
775 3630 886 3673 scenae
902 3613 984 3674 dedit
996 3621 1026 3674 et
1043 3614 1237 3676 histrionibus
1250 3615 1370 3696 agenda

381 3724 548 3799 commisit,
577 3722 669 3784 scd'
661 3738 726 3801 rpse
754 3721 891 3785 recitavit
918 3726 948 3779 ct
974 3737 1045 3782 mox
1074 3720 1243 3801 legentibus
1265 3721 1367 3782 edidit.

378 3828 439 3892 Sed
464 3845 540 3906 quae
562 3827 652 3888 modo
673 3829 779 3906 paucis
801 3827 901 3888 verbis
923 3826 1070 3906 complexi
1091 3845 1192 3890 sumus
1212 3843 1274 3886 non
1294 3824 1369 3884 satis

375 3936 495 4017 cognita
518 3940 549 3996 et
568 3932 766 4015 pervulgata,
793 3934 830 3994 de
852 3935 925 3994 tris
917 3951 976 3996 ram
998 3937 1165 3998 accuratius
1186 3937 1216 3991 ct
1237 3930 1276 3990 de
1297 3928 1366 3989 sin-

376 4043 454 4121 guiis
470 4043 548 4107 iusto
568 4041 674 4105 ordine
696 4041 855 4104 dicendum
877 4048 981 4110 restat

1317 4234 1528 4594 ι
