3078 5016
373 533 469 600 XXVI
759 529 985 629 Pammenem

367 713 484 777 ‚Lucius
505 711 650 774 Annaeus
674 711 809 786 Seneca,
829 708 909 770 hunc
931 708 1019 768 etiam
1042 723 1062 774 ¹a
1083 704 1218 767 Materno
1240 705 1303 766 acri
1326 703 1375 766 iu-

377 836 456 882 vene
479 824 510 879 et
538 818 728 897 eloquentiae
757 815 862 878 studiis
883 815 996 876 imbuto
1026 813 1212 893 potissimum
1243 812 1370 872 electum

373 943 452 1001 esse,
475 942 563 1004 mem
586 925 770 1000 imitaretur,
803 923 835 986 id
857 930 887 984 et
909 939 964 1002 per
988 941 1022 986 se
1044 939 1118 985 vcro
1139 937 1200 984 uon
1237 919 1374 980 absimile

374 1032 494 1096 videtur
513 1039 544 1094 et
565 1032 717 1096 nonnullis
737 1032 856 1094 indiciis
881 1031 1038 1110 colligitur.
1093 1030 1195 1090 Statim
1226 1029 1286 1090 hoc
1312 1027 1372 1116 ob-

377 1147 499 1204 servatu
521 1141 642 1219 dignum
663 1144 720 1214 est,
741 1155 806 1205 enm
830 1138 979 1212 tabariam,
1000 1153 1077 1214 quae
1101 1136 1236 1200 Matamo
1260 1135 1372 1198 carmi-

371 1263 441 1310 num
455 1247 581 1307 'laudem
611 1247 706 1324 prima
738 1245 933 1330 conciliavit,
963 1246 1100 1324 proximo
1132 1250 1201 1321 post
1233 1244 1370 1306 Senecae

375 1359 503 1415 mortem
525 1371 605 1414 anno
627 1359 677 1416 aut
698 1369 842 1414 summum
865 1353 952 1414 tertio
975 1354 1130 1416 recitatam
1160 1368 1257 1427 esse,
1291 1349 1320 1412 h.
1344 1368 1370 1412 e.

376 1479 415 1523 eo
429 1467 572 1540 tempore
596 1477 654 1539 quo
680 1460 816 1524 Senecae
839 1461 984 1520 memoria
1015 1459 1172 1538 praeclare
1195 1458 1319 1538 vigebat
1338 1463 1370 1517 et

375 1568 413 1630 ab
435 1567 572 1630 omnibus
589 1569 678 1628 etiam
695 1573 818 1646 propter
838 1566 1067 1646 pulcherrimum
1083 1567 1163 1630 vitae
1174 1566 1263 1628 finem
1278 1581 1371 1645 egre-

371 1675 423 1755 gie
438 1673 604 1736 celebatur.
646 1674 717 1736 Hae¹
734 1680 833 1734 tanen
856 1673 933 1735 sorte
957 1673 1075 1735 fortuna
1096 1679 1194 1752 potest
1214 1674 1369 1734 evenisse:

372 1781 428 1844 sed
451 1781 532 1862 quod
555 1782 594 1844 ad
620 1797 726 1844 casum
748 1798 808 1843 non
830 1781 918 1843 inciie
939 1781 1066 1857 reseras,
1089 1787 1160 1858 quot
1170 1780 1295 1842 Materni
1313 1795 1372 1838 no-

372 1891 521 1950 minantur
538 1888 727 1968 tragoediae,
744 1885 958 1966 Agamemnon,
970 1887 1090 1965 Medea,
1106 1887 1258 1966 Thyestes,
1276 1886 1368 1948 hasce

375 2014 392 2058 a
421 1996 538 2057 seneen
569 2000 639 2057 ante
669 1993 853 2072 compositas
883 2001 970 2072 atque
998 1994 1158 2055 etiamnum
1191 1993 1367 2070 superstites

372 2101 421 2164 ille
448 2104 555 2164 iterum
575 2100 725 2164 scribere
751 2107 782 2162 et
799 2117 872 2166 ¹cum
904 2108 1027 2162 auctore
1057 2118 1112 2162 suo
1141 2102 1226 2180 quasi
1256 2107 1374 2162 certare

372 2208 536 2289 adgressus
558 2215 614 2270 est
670 2208 753 2270 Idem
775 2209 923 2270 Senecam
947 2207 1054 2270 ducem
1077 2209 1166 2270 etiam
1187 2209 1227 2270 ita
1251 2213 1372 2270 secutus

371 2323 420 2376 est
437 2322 469 2376 ut
490 2315 605 2378 laumas
635 2329 705 2398 suas
733 2329 796 2375 non
817 2314 1013 2376 histrionibus
1040 2315 1178 2395 agendas
1201 2315 1371 2376 committe-

370 2430 432 2500 ret,
455 2423 486 2484 id
508 2421 590 2502 quod
618 2422 797 2500 Pomponius
818 2422 974 2484 Secundus
1002 2422 1135 2500 aequalis
1164 2429 1267 2492 aetate·
1281 2421 1369 2501 paulo

374 2532 471 2594 maior
492 2532 583 2609 lecit,
619 2531 675 2594 sed
696 2532 872 2592 recitantem
904 2547 938 2592 se
963 2531 1153 2592 audientibus
1183 2537 1212 2592 et
1232 2549 1304 2592 mox
1326 2530 1370 2591 le-

370 2641 511 2720 gentibus
534 2657 611 2718 quae
639 2639 814 2717 scripsisset
843 2639 976 2700 carmina
1001 2638 1174 2700 destinaret.
1230 2639 1371 2718 Quapro-⁸

369 2751 437 2826 pler
458 2745 587 2808 dubitari
611 2747 724 2826 nequit,
746 2747 816 2824 quin
839 2748 957 2826 insigne
977 2746 1063 2807 chori
1085 2745 1189 2822 decus,
1211 2745 1266 2806 sed
1288 2747 1369 2824 quod

371 2856 402 2916 in
423 2854 550 2916 liomnni
577 2855 690 2916 theatri
714 2855 899 2917 orchestram
927 2854 1027 2918 induci
1058 2869 1121 2916 uon
1141 2860 1265 2933 posset,
1296 2852 1370 2916 dra-

374 2963 460 3024 matis
481 2965 543 3024 suis
565 2961 741 3042 adsciverit,
766 2965 855 3025 etiam
871 2964 901 3024 iu
925 2959 983 3024 hac
1003 2979 1037 3022 re
1050 2962 1185 3024 Senecae
1202 2960 1368 3038 exemplum

372 3071 512 3134 imitatus.
554 3069 735 3134 imitatorem
765 3085 826 3130 non
855 3087 979 3149 prorsus
1004 3067 1183 3146 exemplaris
1205 3068 1250 3128 sui
1271 3069 1368 3146 virtu·-

370 3185 428 3238 tem
451 3184 482 3238 et
508 3177 720 3256 praestantiam
753 3183 922 3236 assecutum
950 3192 1019 3236 esse
1054 3192 1109 3252 per
1141 3191 1174 3234 se
1205 3172 1368 3234 verisimile

297 3353 303 3364 .
367 3284 486 3346 videtur
507 3288 538 3342 et
559 3281 597 3346 de
620 3281 757 3344 omnibus
780 3281 928 3342 Senecam
957 3279 1173 3341 aemulantibus
1204 3279 1282 3342 idem
1305 3279 1365 3339 hoc

372 3391 570 3465 Quintilianus
592 3394 718 3450 testatus
742 3394 798 3449 est.
849 3387 985 3448 Eximiae
1014 3387 1119 3448 laudes
1148 3387 1275 3467 quaein
1301 3385 1367 3446 lila-

371 3503 488 3558 ternum
510 3495 548 3555 ab
570 3493 833 3556 interlocutoribus
856 3493 982 3554 Tacitini
1004 3493 1124 3574 Dialogi
1137 3497 1181 3569 ¹³]
1202 3493 1367 3554 conferun-

440 3677 484 3748 13)
503 3691 526 3727 c.
548 3675 603 3730 33:
621 3691 681 3738 ans,
702 3675 823 3726 Materne
840 3691 872 3726 aa
894 3674 1010 3726 Secunde
1020 3711 1028 3736 ,
1052 3675 1090 3724 ita
1107 3675 1231 3740 pravitati
1248 3691 1366 3726 senatum

371 3773 482 3822 adorem
508 3778 533 3820 et
555 3769 808 3832 cultamaarhoram
824 3770 952 3832 abactis,
983 3784 1015 3820 ea
1036 3767 1124 3818 electio
1142 3769 1314 3832 inventionis,
1344 3769 1382 3820 ie

369 3866 433 3916 orda
453 3880 548 3926 rerum,
569 3881 609 3926 ea,
629 3865 744 3929 queamus
766 3880 847 3914 eausa
865 3864 961 3931 pascit,
979 3863 1091 3927 abertas,
1110 3880 1151 3928 ea,
1170 3866 1284 3930 putatione
1300 3877 1364 3928 per-

366 3961 482 4024 mittitur,
501 3959 621 4020 brevitas,
640 3959 867 4025 incompositionis
885 3959 980 4020 decor,
1001 3974 1034 4008 ea
1050 3959 1235 4010 sententiarum
1250 3955 1366 4022 planitas

368 4061 413 4114 eat,
433 4054 471 4104 sic
488 4053 630 4120 exprimitis
649 4053 771 4120 affectus,
794 4052 833 4104 sie
850 4051 993 4110 libertatem
1010 4051 1171 4118 temperatis,
1192 4057 1237 4110 at,
1259 4048 1359 4098 etiamsi

366 4153 456 4196 nestra
472 4145 571 4198 indicia
596 4145 745 4212 malignitas
770 4154 794 4196 et
822 4146 923 4196 invidia
940 4143 1102 4204 tardaverit,
1133 4157 1221 4192 aarum
1242 4142 1272 4194 de
1292 4141 1363 4192 nodie
