3078 5016
581 544 682 607 Curva
704 541 752 605 ΙΙΙ.
1094 541 1164 610 XXI

170 729 335 790 Romanum
355 732 440 806 grata
458 726 630 787 Germanici
651 727 805 804 memoria,
828 727 912 787 cuius
932 723 1022 788 unica
1044 721 1166 786 suboles

169 835 319 897 Domitius
343 833 380 897 ab
412 834 550 894 omnibus
583 841 612 894 et
640 832 801 895 haberetur
832 841 863 896 ct
884 832 1067 918 diligeretur.
1120 830 1165 892 Ea

171 942 336 1002 occasione
367 941 452 1022 large
476 941 613 1002 invectus
637 949 682 1003 cst
709 942 740 1004 in
764 941 881 1004 nobiles
902 947 932 1000 et
954 940 1093 1018 antiquae
1116 938 1166 998 la-

173 1049 272 1110 miliae
297 1049 455 1126 homines,
492 1050 631 1112 admixtis
661 1051 792 1113 fortasse
814 1050 902 1112 dietis
929 1045 1024 1108 acutis
1046 1045 1166 1125 quidem

170 1157 224 1218 sed
257 1175 360 1236 parum
396 1155 527 1219 decoris.
581 1158 645 1231 Qua
672 1157 721 1218 via
743 1157 893 1218 blaternus
918 1154 979 1216 boo
1009 1157 1167 1213 assecutus
1217 1203 1220 1212 ,

172 1270 238 1339 cst,
267 1271 300 1324 ut
321 1265 468 1326 Vatinium
489 1281 551 1325 uon
574 1261 665 1326 inodo
686 1264 836 1326 bominem
859 1264 1038 1324 malitiosum
1061 1267 1091 1320 et
1113 1259 1170 1320 ab-

169 1371 278 1432 iectum
301 1371 488 1433 adulatorem
511 1375 670 1454 pingeret,
705 1371 760 1433 scd
791 1370 919 1433 eundem
948 1371 1035 1433 simul
1065 1387 1168 1430 verum

168 1473 319 1541 inbuicum
351 1484 382 1540 et
413 1480 534 1540 unicum
571 1480 776 1540 alluersarium
816 1479 945 1540 Neronis
983 1475 1167 1539 ostenderet.

170 1587 315 1647 Vatinium
339 1585 418 1646 onim
449 1585 478 1644 in
513 1586 572 1645 isto
598 1585 780 1646 Claudianae
801 1587 908 1645 aetatis
930 1585 1085 1646 adulatore
1108 1583 1168 1644 bo-

167 1693 264 1754 mines
285 1691 372 1752 lacile
397 1691 613 1772 agnoscebant.
656 1691 815 1752 Messalina
838 1706 912 1752 vero
934 1691 995 1766 (sie
1016 1705 1165 1770 prognos-

167 1815 231 1858 sum
254 1797 373 1858 tabulae
395 1797 468 1857 mibi
494 1797 614 1877 cogito)
639 1797 739 1877 magni
764 1794 869 1857 domus
893 1813 966 1857 suae
983 1797 1165 1858 discriminis

167 1905 407 1966 commonefacta
438 1904 613 1966 familiarem
643 1907 731 1966 istum
759 1889 975 1984 interrogavit}
1012 1905 1165 1984 quomodo

165 2008 234 2071 hnic
256 2011 335 2071 malo
360 2009 540 2071 medendum
563 2017 655 2071 esset.
699 2010 759 2089 lpsi
780 2010 818 2070 ad
843 2009 1003 2071 deterrima
1027 2018 1164 2091 pronrpto

165 2117 341 2179 tutissimum
365 2119 460 2179 visum
483 2123 529 2179 est
559 2117 754 2197 mittere-nui
776 2118 935 2179 Domitium
955 2119 1163 2179 meridiantem
1260 2134 1268 2145 ·

163 2221 397 2306 strangularent.
440 2223 552 2284 Placuit
572 2222 651 2284 idem
673 2223 861 2285 Messalinae.
903 2223 1009 2286 Sicarii
1028 2224 1086 2284 iam
1107 2239 1163 2284 us-

165 2350 223 2414 que
243 2334 275 2393 in
294 2332 473 2409 cubiculum,
494 2333 525 2393 in
549 2348 607 2411 quo
630 2351 704 2412 puer
718 2332 865 2393 Domitius
890 2331 990 2392 medio
1017 2330 1066 2392 die
1089 2332 1160 2409 qui-

162 2441 296 2516 escebat,
320 2437 564 2518 progrediuntur,
587 2425 643 2499 sed
664 2439 780 2518 ingenti
804 2437 947 2498 miraculo
970 2437 1007 2499 ab
1027 2454 1088 2498 uno
1111 2436 1161 2497 vel

163 2545 279 2606 duobos
302 2544 485 2612 draconibus
509 2545 538 2605 in
558 2545 658 2625 lugam
682 2545 788 2606 reiecti
810 2550 886 2605 sunt.
917 2543 1000 2604 Haec
1023 2561 1085 2603 non
1108 2542 1159 2626 agi

164 2670 267 2714 eoram
293 2651 388 2714 oculis
409 2652 604 2732 spectantium
619 2657 804 2729 (spectantes
826 2669 891 2712 cum
914 2651 983 2712 dico
1006 2651 1035 2710 iu
1059 2649 1159 2710 t'abula

160 2759 315 2833 recitanda
336 2759 540 2821 tantummodo
562 2765 592 2820 ct
605 2757 746 2846 legenda,
769 2757 848 2821 haud
872 2760 976 2836 stricte
997 2757 1158 2836 propriave

160 2885 228 2929 eam
246 2884 353 2930 vocem
379 2867 587 2948 accipiendam
612 2885 681 2928 esse
698 2873 807 2946 patet),
828 2865 882 2928 sed
905 2885 922 2927 a
944 2866 1061 2928 sicariis
1073 2864 1159 2927 Mes-

160 2973 274 3034 salinae
297 2977 422 3052 eiusque
443 2973 590 3034 adulatori
613 2975 729 3034 narrari
751 2978 859 3052 poeta,
883 2973 1001 3049 opinor,
1022 2972 1154 3032 instituit.

158 3078 232 3140 Inde
253 3080 371 3142 miratio
393 3087 422 3142 et
445 3081 636 3159 desperatio,
666 3085 697 3140 et
716 3084 870 3156 postremo
890 3077 1000 3138 acerba
1024 3093 1154 3156 persua·
1197 3159 1206 3166 ·

158 3187 228 3266 sio,
262 3188 422 3250 Domitium
457 3204 514 3269 ope
542 3186 642 3249 divina
670 3185 846 3248 conservari
873 3185 904 3245 in
933 3201 1062 3266 eumque
1081 3183 1154 3246 nibil

158 3295 242 3356 triste
266 3314 333 3357 cum
356 3295 454 3374 aliqua
478 3301 603 3356 eventus
625 3311 679 3374 spe
699 3295 810 3373 patrari
833 3309 934 3372 posse.
987 3292 1015 3354 ls
1035 3291 1153 3354 tabulae

156 3401 224 3462 linis
247 3403 366 3463 videtur
390 3403 493 3464 luisse,
536 3402 687 3464 Neronem
709 3418 804 3476 vero,
830 3400 879 3478 qod
911 3405 960 3459 aot
981 3398 1153 3460 recitationi

156 3507 222 3586 ipso
246 3509 379 3570 interluit
402 3517 452 3570 aut
474 3509 583 3569 editam
603 3508 764 3569 Domitium
788 3505 898 3586 cupide'
917 3485 1010 3587 legit,
1033 3505 1070 3566 ab
1093 3505 1151 3566 bac

156 3613 206 3673 die
226 3615 336 3677 Vatinii
358 3615 464 3696 pigere
489 3615 613 3695 eoepit,
643 3615 854 3695 hominemque
885 3613 1065 3692 contemptui
1090 3629 1149 3691 pu-

154 3716 236 3779 blico
265 3724 430 3796 expositum
453 3722 489 3783 ab
524 3723 589 3783 aula
615 3741 668 3783 sua
701 3730 730 3783 et
760 3723 908 3783 amicitiae
932 3717 1150 3780 consuetudine

154 3825 292 3887 removit.
335 3824 420 3886 Plura
442 3828 560 3906 quidem
584 3845 622 3888 ex
643 3828 690 3888 his
713 3828 885 3889 coniectura
911 3825 1059 3906 nituntur,
1095 3823 1152 3886 sed

154 3951 300 3995 summum
324 3931 418 3992 totius
437 3933 482 3992 rei
504 3941 591 4012 caput
615 3931 734 3996 minime
758 3941 864 4011 nutat,
899 3933 968 3995 (boo
989 3932 1150 3994 Domitium

153 4058 277 4120 puerum
298 4041 329 4102 iu
350 4056 388 4102 eo
412 4055 511 4120 opere.
527 4049 721 4104 rnortstratum
753 4049 784 4102 et
807 4039 935 4101 tabulam
966 4041 1035 4101 vivo
1058 4040 1148 4101 etiam
1198 4085 1202 4092 .

155 4153 215 4210 tum
237 4149 358 4212 Nerone
380 4145 537 4208 recitatam
571 4143 747 4206 attractam
776 4143 815 4204 ab
837 4141 896 4204 boc
919 4141 989 4206 inde
1013 4149 1150 4226 ternpore
