3078 5016
566 539 667 600 Cnrvr
691 536 739 598 ΙΙΙ.
1052 533 1148 596 ΧΧΙΙΙ

152 717 340 800 sexagesimi
371 717 472 781 octavi
499 735 595 797 usque
625 717 663 780 ad
694 735 828 780 mensem
856 715 993 780 Martium
1027 715 1153 794 effluxit,

153 825 276 890 Domitii
305 825 444 886 recitatio
477 831 507 884 et
534 825 628 886 l'ractu
662 825 773 886 Vatinii
806 825 938 904 potentia
971 822 1151 884 includenda
1198 817 1204 822 “

152 933 281 997 videtur.
328 932 376 994 Ao
398 932 532 994 saneah
558 934 628 994 anni
649 933 833 1012 sexagesimi
860 931 939 994 sexti
967 931 1026 992 hue
1046 932 1075 992 in
1100 949 1152 991 re.
1264 1007 1269 1014 μ

154 1043 211 1104 hus
253 1047 283 1101 et
317 1039 403 1100 malis
435 1039 637 1102 Romanorum
670 1039 768 1102 nullus
809 1043 963 1118 consparsi
996 1036 1152 1098 Vatinius:

154 1147 262 1224 quippe
284 1159 384 1224 neque
415 1144 492 1204 iuter
524 1160 581 1204 eos
614 1150 867 1209 commemoratur
893 1145 944 1223 qui
977 1145 1154 1208 validissimi

151 1255 182 1314 in
205 1253 338 1316 amicitia
359 1251 505 1330 principis
516 1250 666 1310 Neronem
692 1257 827 1336 extremo
850 1252 986 1314 ennodii
1007 1251 1154 1315 inhoha-

149 1363 208 1424 iam
233 1360 475 1440 proticiscentem
508 1360 639 1420 comitati
649 1364 678 1436 ⁸)
713 1366 782 1420 sunt
813 1358 914 1435 (luere
938 1359 1100 1440 Tigellinus
1121 1363 1153 1421 e't

149 1469 262 1548 Sporus
285 1473 316 1528 et
337 1466 440 1529 Galvia
465 1465 655 1544 Crispinilla,
685 1474 839 1545 postremo
876 1471 966 1540 etiam
986 1468 1089 1530 Helius
1111 1469 1151 1531 li-

154 1577 266 1651 bertus,
292 1592 330 1634 ex
352 1573 454 1652 probis
475 1573 644 1636 hominihus
659 1573 778 1634 Cluvius
801 1573 928 1649 Rufus),
951 1591 1050 1652 neque
1073 1575 1152 1636 inter

150 1698 206 1740 eos
225 1680 275 1759 qui
289 1678 403 1740 Rornae
426 1678 544 1739 interim
566 1678 666 1740 omnia
688 1677 821 1758 agebant
836 1678 1051 1760 raplebanlque
1073 1682 1150 1754 (Po-

151 1787 260 1848 liclitus
284 1793 315 1846 et
338 1786 478 1866 ileliusp,
508 1803 607 1864 neque
631 1802 707 1862 unus
727 1802 831 1846 eorum
853 1785 907 1846 l'uil
927 1788 977 1864 qui
998 1787 1149 1850 Neronem

151 1901 306 1974 postremo
332 1881 506 1956 discrimine
529 1901 578 1955 aul
600 1893 800 1957 deseruerunt
822 1892 1030 1972 (Nymphidius
1047 1903 1085 1956 et
1099 1897 1151 1957 Ti-

150 2002 294 2084 gellinus)
319 2009 369 2062 aut
391 2002 558 2080 lugientem
582 2002 678 2061 secuti
700 2008 768 2062 sunt
790 1999 926 2075 (Phaon,
957 1999 1149 2080 Epaphrodi-

151 2115 208 2184 tus‚
227 2107 367 2185 Sporus).
414 2105 501 2168 Conl.
524 2106 582 2167 Dio
604 2105 682 2184 apud
705 2105 888 2184 Xiphilinum
909 2105 1010 2174 Lxrtr,
1026 2103 1149 2168 11-14

149 2221 180 2276 et
208 2212 328 2276 18-19
355 2219 385 2276 et
407 2213 456 2276 27.
502 2215 662 2278 Suetonius
681 2215 803 2278 Nerone
825 2233 851 2275 e.
875 2210 1009 2278 cte-te.
1049 2215 1148 2294 Atque

147 2321 228 2383 idem
260 2321 396 2384 Vatinius
431 2340 510 2386 auno
542 2329 611 2403 post
641 2323 787 2386 Christum
822 2329 923 2385 natum
955 2323 1147 2402 sexagesimo

149 2443 231 2490 uono
257 2429 346 2493 etiam
371 2429 485 2491 diserto
506 2430 678 2492 testimonio
701 2430 878 2490 innumero
902 2437 1086 2493 mortuorum
1108 2430 1145 2490 ah
1249 2485 1253 2490 .

148 2535 268 2595 Othone
292 2534 404 2596 relatus
428 2542 474 2598 est
494 2539 535 2612 9).
588 2535 690 2612 ltaque
720 2552 833 2596 aveto
864 2543 946 2597 certe
971 2553 1031 2596 non
1053 2523 1146 2614 longe

147 2640 366 2718 aberrabimus,
390 2641 417 2705 si
439 2642 601 2704 Domitium
634 2648 684 2702 aut
707 2641 761 2702 suh
784 2641 873 2704 linem
894 2642 965 2702 anni
986 2657 1002 2702 a
1026 2642 1145 2702 Christo

146 2754 218 2810 nalo
242 2751 426 2830 sexagesimi
448 2751 537 2828 sexli,
561 2768 627 2811 oum
649 2749 796 2815 Tiridates
819 2747 982 2810 Armeniae
1004 2765 1059 2812 rex
1081 2749 1146 2810 lio-

145 2875 224 2920 mam
243 2858 328 2920 venit
357 2873 394 2918 ae
427 2854 489 2916 ludi
518 2863 549 2916 et
570 2853 635 2918 dies
659 2855 728 2916 lesti
758 2857 875 2936 plurimi
906 2858 1049 2920 celebrati
1078 2866 1147 2920 sunt

146 2964 219 3036 (Dio
248 2980 294 3042 ap.
318 2962 499 3042 Xiphilinum
519 2961 610 3022 LXlll
629 2961 719 3020 1-7.
741 2962 862 3036 Sueton.
884 2963 953 3024 Ner.
980 2965 1017 3024 13
1040 2970 1070 3024 et
1094 2964 1145 3026 30.

144 3071 217 3132 l’lin.
250 3071 286 3132 N.
310 3069 345 3129 ll.
377 3067 501 3130 XXXlll
533 3067 605 3144 to),
641 3074 693 3130 aut
719 3072 790 3130 anni
824 3070 1007 3149 sexagesimi
1040 3072 1143 3134 octavi

144 3178 309 3259 principio,
329 3195 396 3237 oum
416 3176 497 3237 Nero
519 3193 558 3236 ex
579 3177 686 3237 itinere
706 3175 843 3238 Achaico
865 3177 955 3237 rediit
977 3178 1142 3257 iterumque

214 3334 243 3402 8)
264 3333 338 3396 Quod
359 3331 449 3382 creona
470 3328 516 3379 illa
535 3329 631 3380 Vatinii
645 3343 697 3378 vox
718 3328 766 3392 (ci.
788 3329 886 3398 palili)
912 3345 960 3394 per
979 3331 1143 3379 occasionem

144 3428 245 3478 itineris
257 3426 364 3478 Achaioi
385 3426 543 3491 exiphilino
554 3425 646 3476 Dionis
666 3423 835 3488 epitomatore
856 3423 994 3487 profertur,
1012 3423 1073 3472 inde
1090 3437 1142 3471 non

145 3522 313 3588 consequitur
331 3537 389 3570 cum
405 3521 508 3573 Nerone
525 3519 654 3570 Vatinium
672 3519 697 3566 in
715 3517 784 3568 haue
801 3525 893 3568 terrem
911 3515 1055 3583 proiectum
1075 3531 1143 3568 asse.

186 3659 189 3666 ,
216 3617 250 3683 9¹1
265 3616 341 3667 Tacit
362 3616 427 3670 hist.
447 3615 459 3666 l
478 3614 528 3666 37:
549 3622 650 3681 septem
668 3629 685 3663 a
705 3613 817 3666 Neronis
832 3615 884 3677 fine
903 3629 1002 3663 rnensss
1020 3621 1096 3675 ment,
1116 3621 1142 3661 et

144 3709 199 3758 iem
214 3705 271 3773 plus
292 3711 380 3776 rapuit
399 3708 484 3762 ledus
503 3723 579 3774 qurum
598 3705 665 3772 quod
682 3705 794 3756 Pottctrrt
819 3714 843 3756 et
868 3707 965 3756 Vatinii
991 3713 1015 3753 et
1034 3695 1143 3768 a'eqiutii

145 3800 218 3869 (lege
240 3808 263 3850 et
282 3799 351 3851 Helii
369 3809 393 3850 et
412 3800 471 3872 ulie)
489 3801 625 3868 perierunt
644 3799 742 3865 (seruire
761 3800 890 3865 perditum
914 3798 1020 3864 ierunt).
1056 3795 1163 3846 nemi·¹

145 3911 205 3947 nem
225 3911 257 3944 ex
275 3894 336 3956 his,
358 3907 415 3944 curn
436 3894 503 3946 Otho
522 3894 688 3961 loqueretur,
708 3893 734 3942 in
752 3892 819 3943 viris
841 3892 923 3944 luisse
941 3889 984 3941 vel
1002 3889 1061 3941 hin'e
1079 3891 1142 3942 satis

145 3988 309 4040 manifestum
329 3993 387 4049 est,
416 3986 484 4052 quod
502 4002 578 4040 nemo
599 3995 643 4038 aut
661 3985 692 4036 ad
713 3985 919 4052 disquisitionem
939 3994 1042 4036 senatus
1065 3983 1142 4050 paulo

145 4089 204 4146 post
221 4087 329 4131 vocatus
353 4087 397 4130 aut
414 4093 430 4130 a
449 4078 548 4144 populo
566 4080 597 4130 ad
616 4079 771 4145 supplicium
801 4078 978 4155 expostulatus
998 4086 1045 4131 est.
1072 4077 1140 4128 coni.

146 4175 216 4226 Taeit
238 4175 301 4226 llist.
322 4173 333 4224 l
353 4174 386 4224 72
404 4181 430 4224 et
449 4173 499 4235 73,
518 4171 553 4223 lV
571 4170 640 4222 6-s
661 4181 686 4221 et
707 4173 738 4221 ro
757 4169 783 4221 et
800 4171 913 4224 eo-et.
934 4197 937 4204 ·
