3078 5016
387 555 496 632 XXXII
534 509 540 524 ‘
678 565 895 632 Panera‘rrours
918 566 1018 630 Curru
1044 563 1090 626 Vl.

384 746 548 811 emendare
570 745 734 826 adgressus
761 765 848 824 som,
884 747 939 808 sed
971 765 1062 827 parce
1088 753 1117 808 ct
1141 747 1261 810 invitus.
1305 742 1382 806 utut-

382 854 421 915 tis
450 853 529 914 enim
559 853 773 931 experimentis
808 853 867 916 boc
897 852 1012 929 didici,
1044 852 1178 914 editores
1209 851 1380 932 pierumque

383 959 484 1020 acrius
499 974 627 1019 cernere
649 959 679 1018 in
701 956 825 1018 aliorum
850 958 1032 1018 coniecturis
1065 963 1115 1018 aut
1145 956 1309 1038 probandis
1331 963 1380 1018 aut
1411 967 1418 990 ¹

354 1109 357 1112 -
380 1064 554 1126 reiieieadis
577 1081 663 1144 quam
684 1064 748 1126 suis
771 1065 901 1126 inventis
923 1065 1001 1124 iusto
1024 1063 1145 1126 moduio
1169 1063 1378 1141 aestimandis,

382 1171 521 1260 exceptis
546 1177 646 1232 tamen
679 1163 840 1232 admodum
861 1170 966 1249 paucis
998 1171 1047 1248 qui
1079 1177 1129 1230 aut
1158 1171 1188 1230 in
1211 1167 1377 1231 manifestis

380 1281 411 1338 et
441 1273 615 1339 certissimis
646 1274 772 1337 aliorum
801 1275 1061 1343 emendationibus
1091 1276 1198 1337 incerti
1223 1257 1262 1336 ac
1294 1275 1376 1336 dubii

380 1383 516 1460 haerent,
538 1382 589 1445 ubi
610 1383 720 1462 scripta
739 1382 837 1444 littera
863 1381 911 1442 vet
936 1381 1078 1444 tantillum
1101 1380 1298 1461 relinquenda
1319 1387 1376 1457 est,

378 1493 429 1548 aut
451 1488 513 1548 suis
536 1486 643 1567 opibus
667 1487 745 1549 adeo
769 1487 967 1564 delectantur,
993 1493 1025 1548 ut
1049 1487 1163 1548 alienas
1181 1501 1375 1566 quascunque

374 1593 511 1654 i'astidire
535 1599 564 1655 et
585 1611 729 1673 respuere
747 1594 859 1655 'mutiat
904 1593 959 1654 Ubi
981 1593 1041 1654 loci
1064 1595 1250 1674 aegnotantis
1273 1594 1371 1655 medi-

375 1701 444 1762 cina
467 1700 563 1762 minus
587 1708 669 1762 certa
694 1707 744 1762 aut
763 1701 883 1781 vulgata
906 1701 1051 1779 scriptura
1068 1700 1288 1778 quedammodo
1313 1704 1370 1764 da„

371 1805 454 1868 fendi
474 1823 566 1886 pesse
586 1808 752 1882 videbatur,
773 1807 977 1867 coniecturam
994 1809 1022 1866 in
1042 1805 1236 1866 adnotatione
1253 1825 1368 1886 ponere

371 1928 459 1992 quarn
482 1913 512 1974 in
535 1919 706 1974 contextum
726 1911 886 1972 uerborum
907 1911 1021 1971 int'erre
1044 1912 1137 1971 satius
1160 1911 1240 1972 duxi.

454 2017 492 2078 Ut
514 2017 612 2078 iabuta
636 2018 701 2078 sine
722 2016 813 2078 mutto
837 2015 942 2077 labore
958 2029 1108 2094 magnove
1131 2017 1183 2075 otii
1207 2016 1365 2096 dispendio

366 2124 428 2204 legi
452 2121 637 2202 intelligique
657 2130 770 2202 posset,
791 2124 984 2185 brevioribus
1011 2122 1254 2186 adnotationibus
1278 2145 1363 2189 more

366 2231 488 2308 antiquo
519 2235 549 2288 et
579 2229 704 2307 probato
736 2231 767 2290 in
799 2231 934 2310 margine
969 2230 1124 2309 superiore
1155 2231 1309 2296 collocatis
1332 2243 1362 2296 et

365 2333 556 2394 uberioribus
574 2335 723 2396 nonnuliis
747 2335 777 2396 in
792 2334 966 2396 inferiorem
984 2336 1127 2416 relegatis
1143 2355 1264 2416 operam
1280 2339 1359 2401 dedi.

362 2441 446 2503 Hace
469 2441 631 2504 hactenus:
654 2449 696 2522 tu,
720 2443 817 2504 tector
838 2441 997 2517 benivole,
1019 2443 1086 2503 vate
1106 2443 1237 2522 mihique
1259 2446 1337 2508 tave.

394 2551 396 2558 '
443 2547 556 2627 Scripsi
578 2547 762 2611 Bonnae‘ad
775 2549 910 2611 Rhenum
933 2549 988 2611 sub
1010 2549 1100 2612 finem
1123 2553 1235 2614 mensis
1259 2553 1357 2615 Octo-

360 2653 423 2716 bris
442 2671 470 2716 a.
496 2653 586 2717 1842.
