3058 5026
441 567 515 630 Ace.
532 567 554 627 l.
575 565 662 627 Vens.
678 561 849 624 tto-905.

546 742 696 806 Nutrix.

145 851 281 915 Nondum
303 869 380 914 uxor
401 857 457 912 est.

542 953 721 1016 Octavia.
826 957 831 962 '

487 1064 546 1124 lam
570 1061 619 1124 net
642 1065 677 1120 et
690 1057 823 1138 genitrix
843 1055 938 1118 simul.

542 1165 690 1228 Nutrix.

127 1275 288 1338 ¹luvenilis
310 1273 401 1348 anilpr
422 1275 529 1352 impetu
549 1273 645 1352 primo
665 1271 753 1356 lucit,

148 1381 328 1463 Langu'escit
351 1381 428 1440 idem
451 1378 539 1440 lacile
561 1397 620 1440 nee
641 1377 727 1439 durat
746 1375 798 1437 diu

81 1496 127 1550 190
149 1490 180 1550 ln
204 1506 316 1548 venere
338 1489 433 1566 turpi,
457 1505 514 1546 ceu
535 1487 609 1546 levis
630 1486 766 1546 llammae
787 1496 901 1560 vapos:

148 1598 242 1660 Amor
261 1594 403 1675 perennis
426 1592 565 1671 coniugis
587 1596 690 1652 castae
714 1593 823 1648 marcet,

148 1703 268 1764 Violaue
288 1702 383 1780 prima
399 1716 476 1779 quae
498 1705 582 1760 toros
605 1713 678 1758 ausa
699 1701 746 1756 est
767 1699 835 1753 tuos
863 1715 867 1722 ·
1152 1703 1282 1747 nucinum
1295 1702 1350 1744 iau

148 1812 344 1886 Animumque
366 1806 477 1868 domini
500 1803 609 1864 lamule
630 1799 765 1881 possedit
790 1797 856 1873 diu,
1086 1775 1090 1784 ⁴
1151 1760 1287 1861 ξ38““0““
1301 1760 1349 1799 Μ’

150 1915 208 1975 lum
232 1905 333 1974 metuit
352 1911 468 1972 eadem.

482 2025 489 2032 ““
545 2011 719 2074 Octavia.

493 2119 605 2197 Nempe
626 2115 787 2195 praelatam
808 2111 876 2180 silli.

487 2287 492 2294 ,
549 2223 703 2285 Nutrix.

80 2346 130 2397 195
150 2337 289 2402 Subiecta
312 2341 342 2396 ct
364 2333 499 2411 humilis,
524 2339 613 2411 atque
635 2331 825 2390 monumenta
847 2319 991 2400 exstruit,

151 2445 263 2517 Quibus
284 2445 419 2503 timonem
442 2441 523 2500 lassa
543 2443 668 2498 testatur
688 2450 791 2495 sumn:

150 2554 187 2613 Et
209 2551 287 2611 hanc
312 2548 386 2608 levis
407 2545 555 2624 fallaxque
577 2540 715 2602 destituet
738 2536 822 2597 deus·

151 2657 281 2716 Volucer
301 2652 424 2731 Cupido.
468 2651 513 2712 stt
536 2647 606 2712 licet
628 2645 723 2706 torma
749 2637 904 2714 eminetis,

151 2763 263 2842 Opibus
284 2759 429 2839 superba,
451 2755 594 2838 gaudium
616 2751 840 2832 capiet-breve.

77 2877 134 2930 200
277 2869 370 2929 Passa
388 2871 440 2926 est
460 2856 573 2926 similes
596 2863 660 2940 ipsa
682 2857 805 2920 dolores

278 2974 395 3052 Regina
419 2971 525 3046 deum,
549 2985 616 3028 omn
636 2983 671 3026 se
693 2965 805 3024 formas

259 3073 261 3076 ’
281 3079 374 3139 Vertit
393 3076 423 3136 in
444 3091 549 3136 onmes
571 3069 707 3134 dominus
730 3065 807 3128 caeli

280 3187 447 3264 Diuumque
467 3187 576 3262 pater,

280 3293 317 3355 itt
338 3290 428 3354 modo
451 3305 575 3376 pennas
589 3283 711 3362 sumpsit
736 3279 860 3356 oloris„

282 3401 371 3462 llludo
396 3398 510 3461 Sidonii
532 3410 647 3456 cornua
666 3370 766 3458 lauri,

215 3607 262 3653 lttl.
290 3608 369 3650 metuit
385 3603 489 3647 Gunems
504 3605 526 3640 et
541 3599 574 3640 ed.
590 3594 669 3639 (ὶιιιοῑῑχ
680 3589 797 3634 Femandt:
817 3585 905 3629 codices
919 3587 1007 3626 metuet.
1039 3579 1151 3622 Octauiae

217 3703 296 3734 nomen
313 3690 372 3730 deest
387 3686 504 3728 codicibus.

162 3851 269 3891 monens
290 3821 521 3892 abnuentem,
540 3826 586 3878 sed
605 3837 697 3874 novam
716 3817 836 3883 pellicem
855 3814 1000 3878 Poppaeam
1018 3806 1152 3860 Sabinamt
1258 3835 1260 3840 .

162 3933 248 3986 nutrix
267 3935 352 3978 autem
371 3924 435 3972 liaeo
452 3937 504 3972 non
529 3933 621 3970 curans
649 3913 808 3966 enuntiatum
836 3922 910 3958 suum
933 3903 1009 3954 niolo
1033 3906 1153 3964 coeptum

165 4027 251 4094 explet
269 4031 295 4074 et
312 4017 431 4071 'absolvit
467 4029 555 4078 nempe
573 4010 689 4062 similiter
709 4007 736 4055 in
754 4001 924 4067 responsione
945 3997 1040 4046 dietum
1057 4007 1083 4042 v.
1095 3989 1152 4042 186.

164 4138 230 4188 quae
248 4117 343 4170 luerint
360 4113 523 4162 monumenta
542 4103 575 4153 ab
587 4103 651 4152 Acte
663 4101 755 4151 liberta
776 4091 1059 4146 exstructanescinnue:
1078 4085 1154 4154 equi-

167 4215 222 4265 dem
245 4208 399 4278 sepulcralia
419 4206 499 4256 luisse
518 4199 636 4252 coniicio.
674 4197 707 4245 el.
726 4189 863 4243 Praelatio.
