<?xml version="1.0" encoding="UTF-8"?>
<!DOCTYPE html PUBLIC "-//W3C//DTD XHTML 1.0 Transitional//EN"
    "http://www.w3.org/TR/xhtml1/DTD/xhtml1-transitional.dtd">
<html xmlns="http://www.w3.org/1999/xhtml" xml:lang="en" lang="en">
 <head>
  <title>
</title>
<meta http-equiv="Content-Type" content="text/html;charset=utf-8" />
  <meta name='ocr-system' content='tesseract 3.04.00' />
  <meta name='ocr-capabilities' content='ocr_page ocr_carea ocr_par ocr_line ocrx_word'/>
</head>
<body>
  <div class='ocr_page' id='page_1' title='image "./octaviapraetext00mategoog_0016.png"; bbox 0 0 3078 5016; ppageno 0'>
   <div class='ocr_carea' id='block_1_1' title="bbox 6 4183 28 4264">
    <p class='ocr_par' dir='ltr' id='par_1_1' title="bbox 6 4183 28 4264">
     <span class='ocr_line' id='line_1_1' title="bbox 6 4183 28 4264; baseline 0 0"><span class='ocrx_word' id='word_1_1' title='bbox 6 4183 28 4264; x_wconf 54' lang='lat' dir='ltr'><strong><em>l,</em></strong></span> 
     </span>
    </p>
   </div>
   <div class='ocr_carea' id='block_1_2' title="bbox 491 535 1238 610">
    <p class='ocr_par' dir='ltr' id='par_1_2' title="bbox 491 535 1238 610">
     <span class='ocr_line' id='line_1_2' title="bbox 491 535 1238 610; baseline 0.021 -16"><span class='ocrx_word' id='word_1_2' title='bbox 491 577 496 582; x_wconf 87' lang='lat'>-</span> <span class='ocrx_word' id='word_1_3' title='bbox 584 535 685 597; x_wconf 78' lang='lat' dir='ltr'><strong><em>Carvr</em></strong></span> <span class='ocrx_word' id='word_1_4' title='bbox 708 536 728 596; x_wconf 89' lang='grc' dir='ltr'><strong><em>Ι.</em></strong></span> <span class='ocrx_word' id='word_1_5' title='bbox 1115 541 1155 604; x_wconf 78' lang='lat' dir='ltr'><strong><em>IX</em></strong></span> <span class='ocrx_word' id='word_1_6' title='bbox 1236 605 1238 610; x_wconf 81' lang='grc'>,</span> 
     </span>
    </p>
   </div>
   <div class='ocr_carea' id='block_1_3' title="bbox 163 711 1159 920">
    <p class='ocr_par' dir='ltr' id='par_1_3' title="bbox 163 711 1159 920">
     <span class='ocr_line' id='line_1_3' title="bbox 163 711 1158 809; baseline 0.008 -35"><span class='ocrx_word' id='word_1_7' title='bbox 163 711 290 774; x_wconf 82' lang='lat' dir='ltr'><strong><em>Octavia</em></strong></span> <span class='ocrx_word' id='word_1_8' title='bbox 321 713 397 772; x_wconf 89' lang='lat' dir='ltr'><strong><em>truci</em></strong></span> <span class='ocrx_word' id='word_1_9' title='bbox 430 715 516 792; x_wconf 81' lang='lat' dir='ltr'><strong>quasi</strong></span> <span class='ocrx_word' id='word_1_10' title='bbox 546 715 626 777; x_wconf 76' lang='lat' dir='ltr'><strong><em>multu</em></strong></span> <span class='ocrx_word' id='word_1_11' title='bbox 657 717 750 778; x_wconf 88' lang='lat' dir='ltr'><strong><em>iatum</em></strong></span> <span class='ocrx_word' id='word_1_12' title='bbox 782 725 812 779; x_wconf 85' lang='lat' dir='ltr'><strong><em>ct</em></strong></span> <span class='ocrx_word' id='word_1_13' title='bbox 838 723 963 809; x_wconf 87' lang='lat' dir='ltr'><strong><em>mortem</em></strong></span> <span class='ocrx_word' id='word_1_14' title='bbox 996 727 1158 800; x_wconf 85' lang='lat' dir='ltr'><strong><em>provocat,</em></strong></span> 
     </span>
     <span class='ocr_line' id='line_1_4' title="bbox 166 814 1159 920; baseline 0.012 -44"><span class='ocrx_word' id='word_1_15' title='bbox 166 814 366 876; x_wconf 85' lang='lat' dir='ltr'><strong><em>tristissimam</em></strong></span> <span class='ocrx_word' id='word_1_16' title='bbox 381 824 500 879; x_wconf 84' lang='lat' dir='ltr'><strong><em>sortem</em></strong></span> <span class='ocrx_word' id='word_1_17' title='bbox 532 819 605 881; x_wconf 87' lang='lat' dir='ltr'><strong><em>nihii</em></strong></span> <span class='ocrx_word' id='word_1_18' title='bbox 624 823 822 899; x_wconf 80' lang='lat' dir='ltr'><strong><em>¹extimescit,</em></strong></span> <span class='ocrx_word' id='word_1_19' title='bbox 852 827 1001 920; x_wconf 67' lang='lat' dir='ltr'><strong><em>utrociter</em></strong></span> <span class='ocrx_word' id='word_1_20' title='bbox 1030 828 1059 888; x_wconf 90' lang='lat' dir='ltr'><strong><em>in</em></strong></span> <span class='ocrx_word' id='word_1_21' title='bbox 1084 828 1159 890; x_wconf 88' lang='lat' dir='ltr'><strong><em>deos</em></strong></span> 
     </span>
    </p>
   </div>
   <div class='ocr_carea' id='block_1_4' title="bbox 160 921 1159 1012">
    <p class='ocr_par' dir='ltr' id='par_1_4' title="bbox 160 921 1159 1012">
     <span class='ocr_line' id='line_1_5' title="bbox 160 921 1159 1012; baseline 0.016 -36"><span class='ocrx_word' id='word_1_22' title='bbox 160 937 292 998; x_wconf 50' lang='lat' dir='ltr'><strong><em>¹superos</em></strong></span> <span class='ocrx_word' id='word_1_23' title='bbox 313 928 343 983; x_wconf 92' lang='lat' dir='ltr'><strong><em>et</em></strong></span> <span class='ocrx_word' id='word_1_24' title='bbox 366 922 455 999; x_wconf 90' lang='lat' dir='ltr'><strong><em>impie</em></strong></span> <span class='ocrx_word' id='word_1_25' title='bbox 479 921 508 981; x_wconf 93' lang='lat' dir='ltr'><strong><em>in</em></strong></span> <span class='ocrx_word' id='word_1_26' title='bbox 530 929 792 1001; x_wconf 81' lang='lat' dir='ltr'><strong><em>parentem&#39;sunm</em></strong></span> <span class='ocrx_word' id='word_1_27' title='bbox 812 927 982 1012; x_wconf 88' lang='lat' dir='ltr'><strong><em>delimatam</em></strong></span> <span class='ocrx_word' id='word_1_28' title='bbox 1000 931 1159 992; x_wconf 84' lang='lat' dir='ltr'><strong><em>invehitur.</em></strong></span> 
     </span>
    </p>
   </div>
   <div class='ocr_carea' id='block_1_5' title="bbox 164 1029 1162 1756">
    <p class='ocr_par' dir='ltr' id='par_1_5' title="bbox 164 1029 1162 1756">
     <span class='ocr_line' id='line_1_6' title="bbox 167 1029 1159 1100; baseline 0.01 -12"><span class='ocrx_word' id='word_1_29' title='bbox 167 1029 286 1100; x_wconf 82' lang='lat' dir='ltr'><strong><em>Quanto</em></strong></span> <span class='ocrx_word' id='word_1_30' title='bbox 305 1029 408 1090; x_wconf 84' lang='lat' dir='ltr'><strong><em>verius</em></strong></span> <span class='ocrx_word' id='word_1_31' title='bbox 437 1035 468 1089; x_wconf 88' lang='lat' dir='ltr'><strong><em>at</em></strong></span> <span class='ocrx_word' id='word_1_32' title='bbox 496 1031 601 1090; x_wconf 89' lang='lat' dir='ltr'><strong><em>melius</em></strong></span> <span class='ocrx_word' id='word_1_33' title='bbox 624 1032 742 1093; x_wconf 83' lang='lat' dir='ltr'><strong><em>&#39;tacitus</em></strong></span> <span class='ocrx_word' id='word_1_34' title='bbox 772 1035 801 1094; x_wconf 94' lang='lat' dir='ltr'><strong><em>in</em></strong></span> <span class='ocrx_word' id='word_1_35' title='bbox 825 1037 993 1098; x_wconf 81' lang='lat' dir='ltr'><strong>Annalibus</strong></span> <span class='ocrx_word' id='word_1_36' title='bbox 1014 1037 1081 1098; x_wconf 86' lang='lat' dir='ltr'><strong><em>XiV</em></strong></span> <span class='ocrx_word' id='word_1_37' title='bbox 1101 1037 1159 1098; x_wconf 79' lang='lat'><strong><em>64:</em></strong></span> 
     </span>
     <span class='ocr_line' id='line_1_7' title="bbox 164 1132 1159 1216; baseline 0.008 -22"><span class='ocrx_word' id='word_1_38' title='bbox 164 1132 212 1194; x_wconf 84' lang='lat' dir='ltr'><strong><em>Ac</em></strong></span> <span class='ocrx_word' id='word_1_39' title='bbox 232 1135 337 1212; x_wconf 86' lang='lat' dir='ltr'><strong><em>puella</em></strong></span> <span class='ocrx_word' id='word_1_40' title='bbox 364 1134 507 1194; x_wconf 79' lang='lat' dir='ltr'><strong><em>uicesimo</em></strong></span> <span class='ocrx_word' id='word_1_41' title='bbox 537 1137 647 1196; x_wconf 87' lang='lat' dir='ltr'><strong><em>aetatis</em></strong></span> <span class='ocrx_word' id='word_1_42' title='bbox 675 1155 779 1216; x_wconf 82' lang='lat' dir='ltr'><strong><em>urano,</em></strong></span> <span class='ocrx_word' id='word_1_43' title='bbox 806 1140 885 1201; x_wconf 84' lang='lat' dir='ltr'><strong><em>inter</em></strong></span> <span class='ocrx_word' id='word_1_44' title='bbox 916 1143 1107 1202; x_wconf 75' lang='lat' dir='ltr'><em>centuriones</em></span> <span class='ocrx_word' id='word_1_45' title='bbox 1129 1148 1159 1202; x_wconf 89' lang='lat' dir='ltr'><strong><em>et</em></strong></span> 
     </span>
     <span class='ocr_line' id='line_1_8' title="bbox 166 1240 1161 1326; baseline 0.008 -26"><span class='ocrx_word' id='word_1_46' title='bbox 166 1240 294 1318; x_wconf 82' lang='lat' dir='ltr'><strong><em>milites,</em></strong></span> <span class='ocrx_word' id='word_1_47' title='bbox 319 1241 486 1319; x_wconf 79' lang='lat' dir='ltr'><strong><em>praesepio</em></strong></span> <span class='ocrx_word' id='word_1_48' title='bbox 506 1243 654 1303; x_wconf 84' lang='lat' dir='ltr'><strong><em>matorum</em></strong></span> <span class='ocrx_word' id='word_1_49' title='bbox 676 1243 738 1305; x_wconf 89' lang='lat' dir='ltr'><strong><em>iam</em></strong></span> <span class='ocrx_word' id='word_1_50' title='bbox 760 1245 825 1306; x_wconf 82' lang='lat' dir='ltr'><strong><em>cita</em></strong></span> <span class='ocrx_word' id='word_1_51' title='bbox 845 1255 1002 1326; x_wconf 82' lang='lat' dir='ltr'><strong><em>eaempta,</em></strong></span> <span class='ocrx_word' id='word_1_52' title='bbox 1030 1249 1161 1310; x_wconf 89' lang='lat' dir='ltr'><strong><em>nondum</em></strong></span> 
     </span>
     <span class='ocr_line' id='line_1_9' title="bbox 165 1347 1161 1427; baseline 0.009 -21"><span class='ocrx_word' id='word_1_53' title='bbox 165 1353 266 1410; x_wconf 85' lang='lat' dir='ltr'><strong><em>tameo</em></strong></span> <span class='ocrx_word' id='word_1_54' title='bbox 285 1353 381 1408; x_wconf 91' lang='lat' dir='ltr'><strong><em>morte</em></strong></span> <span class='ocrx_word' id='word_1_55' title='bbox 401 1347 621 1425; x_wconf 72' lang='lat' dir='ltr'><strong><em>acquiescebat.</em></strong></span> <span class='ocrx_word' id='word_1_56' title='bbox 649 1349 761 1412; x_wconf 78' lang='lat' dir='ltr'><strong><em>Paucis</em></strong></span> <span class='ocrx_word' id='word_1_57' title='bbox 786 1353 892 1415; x_wconf 77' lang='lat' dir='ltr'><strong><em>deliine</em></strong></span> <span class='ocrx_word' id='word_1_58' title='bbox 908 1355 1072 1427; x_wconf 83' lang='lat' dir='ltr'><strong><em>interiectis</em></strong></span> <span class='ocrx_word' id='word_1_59' title='bbox 1093 1355 1161 1416; x_wconf 87' lang='lat' dir='ltr'><strong><em>die-</em></strong></span> 
     </span>
     <span class='ocr_line' id='line_1_10' title="bbox 165 1453 1161 1530; baseline 0.008 -16"><span class='ocrx_word' id='word_1_60' title='bbox 165 1453 222 1514; x_wconf 86' lang='lat' dir='ltr'><strong><em>bus</em></strong></span> <span class='ocrx_word' id='word_1_61' title='bbox 242 1453 320 1514; x_wconf 78' lang='lat' dir='ltr'><strong><em>niori</em></strong></span> <span class='ocrx_word' id='word_1_62' title='bbox 340 1453 479 1530; x_wconf 79' lang='lat' dir='ltr'><strong><em>iradetur,</em></strong></span> <span class='ocrx_word' id='word_1_63' title='bbox 518 1475 584 1517; x_wconf 88' lang='lat' dir='ltr'><strong><em>cum</em></strong></span> <span class='ocrx_word' id='word_1_64' title='bbox 603 1457 665 1518; x_wconf 86' lang='lat' dir='ltr'><strong><em>iam</em></strong></span> <span class='ocrx_word' id='word_1_65' title='bbox 683 1459 807 1520; x_wconf 83' lang='lat' dir='ltr'><strong><em>viduum</em></strong></span> <span class='ocrx_word' id='word_1_66' title='bbox 829 1479 863 1522; x_wconf 89' lang='lat' dir='ltr'><strong><em>se</em></strong></span> <span class='ocrx_word' id='word_1_67' title='bbox 884 1467 915 1522; x_wconf 92' lang='lat' dir='ltr'><strong><em>et</em></strong></span> <span class='ocrx_word' id='word_1_68' title='bbox 934 1466 1047 1523; x_wconf 87' lang='lat' dir='ltr'><strong><em>tantum</em></strong></span> <span class='ocrx_word' id='word_1_69' title='bbox 1068 1479 1161 1522; x_wconf 86' lang='lat' dir='ltr'><strong><em>soro·-</em></strong></span> 
     </span>
     <span class='ocr_line' id='line_1_11' title="bbox 168 1566 1161 1645; baseline 0.008 -25"><span class='ocrx_word' id='word_1_70' title='bbox 168 1579 232 1622; x_wconf 87' lang='lat' dir='ltr'><strong><em>rem</em></strong></span> <span class='ocrx_word' id='word_1_71' title='bbox 261 1566 446 1634; x_wconf 75' lang='lat' dir='ltr'><strong><em>testaretur,</em></strong></span> <span class='ocrx_word' id='word_1_72' title='bbox 480 1580 707 1641; x_wconf 80' lang='lat' dir='ltr'><strong><em>cormrmuesque</em></strong></span> <span class='ocrx_word' id='word_1_73' title='bbox 736 1566 932 1628; x_wconf 80' lang='lat' dir='ltr'><strong><em>Germarricos</em></strong></span> <span class='ocrx_word' id='word_1_74' title='bbox 956 1575 985 1628; x_wconf 91' lang='lat' dir='ltr'><strong><em>et</em></strong></span> <span class='ocrx_word' id='word_1_75' title='bbox 1006 1575 1161 1645; x_wconf 88' lang='lat' dir='ltr'><strong><em>postremo</em></strong></span> 
     </span>
     <span class='ocr_line' id='line_1_12' title="bbox 165 1666 1162 1756; baseline 0.006 -30"><span class='ocrx_word' id='word_1_76' title='bbox 165 1666 354 1746; x_wconf 81' lang='lat' dir='ltr'><strong><em>Aprippiace</em></strong></span> <span class='ocrx_word' id='word_1_77' title='bbox 381 1685 489 1728; x_wconf 87' lang='lat' dir='ltr'><strong><em>nomen</em></strong></span> <span class='ocrx_word' id='word_1_78' title='bbox 508 1669 622 1747; x_wconf 89' lang='lat' dir='ltr'><strong><em>aieret,</em></strong></span> <span class='ocrx_word' id='word_1_79' title='bbox 652 1686 713 1747; x_wconf 86' lang='lat' dir='ltr'><strong><em>qua</em></strong></span> <span class='ocrx_word' id='word_1_80' title='bbox 739 1672 885 1756; x_wconf 85' lang='lat' dir='ltr'><strong><em>¹incolumi</em></strong></span> <span class='ocrx_word' id='word_1_81' title='bbox 911 1673 1019 1751; x_wconf 76' lang='lat' dir='ltr'><strong><em>inseite</em></strong></span> <span class='ocrx_word' id='word_1_82' title='bbox 1046 1673 1162 1751; x_wconf 87' lang='lat' dir='ltr'><strong><em>quidem</em></strong></span> 
     </span>
    </p>
   </div>
   <div class='ocr_carea' id='block_1_6' title="bbox 166 1775 1268 1855">
    <p class='ocr_par' dir='ltr' id='par_1_6' title="bbox 166 1775 1268 1855">
     <span class='ocr_line' id='line_1_13' title="bbox 166 1775 1268 1855; baseline 0.003 -17"><span class='ocrx_word' id='word_1_83' title='bbox 166 1778 386 1838; x_wconf 77' lang='lat' dir='ltr'><strong><em>matrimonium</em></strong></span> <span class='ocrx_word' id='word_1_84' title='bbox 406 1777 462 1838; x_wconf 79' lang='lat' dir='ltr'><strong><em>sert</em></strong></span> <span class='ocrx_word' id='word_1_85' title='bbox 482 1775 548 1836; x_wconf 87' lang='lat' dir='ltr'><strong><em>sine</em></strong></span> <span class='ocrx_word' id='word_1_86' title='bbox 571 1777 664 1838; x_wconf 74' lang='lat' dir='ltr'><strong><em>auido</em></strong></span> <span class='ocrx_word' id='word_1_87' title='bbox 681 1778 866 1855; x_wconf 75' lang='lat' dir='ltr'><strong><em>pertulisset.</em></strong></span> <span class='ocrx_word' id='word_1_88' title='bbox 908 1777 1002 1840; x_wconf 90' lang='lat' dir='ltr'><strong><em>Porro</em></strong></span> <span class='ocrx_word' id='word_1_89' title='bbox 1023 1780 1049 1840; x_wconf 91' lang='lat' dir='ltr'><strong><em>si</em></strong></span> <span class='ocrx_word' id='word_1_90' title='bbox 1067 1780 1161 1840; x_wconf 83' lang='lat' dir='ltr'><strong><em>Taciti</em></strong></span> <span class='ocrx_word' id='word_1_91' title='bbox 1266 1785 1268 1800; x_wconf 93' lang='lat'>&#39;</span> 
     </span>
    </p>
   </div>
   <div class='ocr_carea' id='block_1_7' title="bbox 166 1884 1166 3146">
    <p class='ocr_par' dir='ltr' id='par_1_7' title="bbox 166 1884 1166 3146">
     <span class='ocr_line' id='line_1_14' title="bbox 166 1884 1162 1968; baseline 0.004 -22"><span class='ocrx_word' id='word_1_92' title='bbox 166 1889 300 1947; x_wconf 86' lang='lat' dir='ltr'><strong><em>narratio</em></strong></span> <span class='ocrx_word' id='word_1_93' title='bbox 322 1886 450 1946; x_wconf 89' lang='lat' dir='ltr'><strong><em>latorum</em></strong></span> <span class='ocrx_word' id='word_1_94' title='bbox 472 1886 617 1946; x_wconf 88' lang='lat' dir='ltr'><strong><em>Octaviae</em></strong></span> <span class='ocrx_word' id='word_1_95' title='bbox 639 1887 778 1964; x_wconf 85' lang='lat' dir='ltr'><strong><em>scriptori</em></strong></span> <span class='ocrx_word' id='word_1_96' title='bbox 799 1884 918 1946; x_wconf 86' lang='lat' dir='ltr'><strong><em>tabulae</em></strong></span> <span class='ocrx_word' id='word_1_97' title='bbox 939 1887 1061 1968; x_wconf 83' lang='lat' dir='ltr'><strong><em>cognita</em></strong></span> <span class='ocrx_word' id='word_1_98' title='bbox 1084 1887 1162 1950; x_wconf 89' lang='lat' dir='ltr'><strong><em>luis-</em></strong></span> 
     </span>
     <span class='ocr_line' id='line_1_15' title="bbox 166 1991 1162 2069; baseline 0.003 -16"><span class='ocrx_word' id='word_1_99' title='bbox 166 1999 214 2053; x_wconf 89' lang='lat' dir='ltr'><strong><em>set</em></strong></span> <span class='ocrx_word' id='word_1_100' title='bbox 234 1998 265 2052; x_wconf 90' lang='lat' dir='ltr'><strong><em>ct</em></strong></span> <span class='ocrx_word' id='word_1_101' title='bbox 285 1993 343 2052; x_wconf 88' lang='lat' dir='ltr'><strong><em>hac</em></strong></span> <span class='ocrx_word' id='word_1_102' title='bbox 363 1991 412 2052; x_wconf 90' lang='lat' dir='ltr'><strong><em>ille</em></strong></span> <span class='ocrx_word' id='word_1_103' title='bbox 432 1997 571 2069; x_wconf 86' lang='lat' dir='ltr'><strong><em>tanquam</em></strong></span> <span class='ocrx_word' id='word_1_104' title='bbox 595 1992 678 2052; x_wconf 84' lang='lat' dir='ltr'><strong><em>tonte</em></strong></span> <span class='ocrx_word' id='word_1_105' title='bbox 701 2009 773 2054; x_wconf 90' lang='lat' dir='ltr'><strong><em>usus</em></strong></span> <span class='ocrx_word' id='word_1_106' title='bbox 789 1999 881 2069; x_wconf 88' lang='lat' dir='ltr'><strong><em>esset,</em></strong></span> <span class='ocrx_word' id='word_1_107' title='bbox 902 2009 971 2054; x_wconf 85' lang='lat' dir='ltr'><strong><em>num</em></strong></span> <span class='ocrx_word' id='word_1_108' title='bbox 994 1995 1162 2056; x_wconf 90' lang='lat' dir='ltr'><strong><em>orationem</em></strong></span> 
     </span>
     <span class='ocr_line' id='line_1_16' title="bbox 167 2099 1163 2180; baseline 0.005 -20"><span class='ocrx_word' id='word_1_109' title='bbox 167 2099 246 2160; x_wconf 86' lang='lat' dir='ltr'><strong><em>iilam</em></strong></span> <span class='ocrx_word' id='word_1_110' title='bbox 268 2100 487 2180; x_wconf 78' lang='lat' dir='ltr'><strong><em>gravissimam,</em></strong></span> <span class='ocrx_word' id='word_1_111' title='bbox 512 2103 568 2178; x_wconf 82' lang='lat' dir='ltr'><strong><em>qua</em></strong></span> <span class='ocrx_word' id='word_1_112' title='bbox 590 2099 726 2178; x_wconf 84' lang='lat' dir='ltr'><strong><em>Poppaea</em></strong></span> <span class='ocrx_word' id='word_1_113' title='bbox 752 2100 882 2162; x_wconf 83' lang='lat' dir='ltr'><strong><em>Neronis</em></strong></span> <span class='ocrx_word' id='word_1_114' title='bbox 905 2102 979 2162; x_wconf 89' lang='lat' dir='ltr'><strong><em>iram</em></strong></span> <span class='ocrx_word' id='word_1_115' title='bbox 1003 2109 1033 2163; x_wconf 89' lang='lat' dir='ltr'><strong><em>et</em></strong></span> <span class='ocrx_word' id='word_1_116' title='bbox 1053 2111 1163 2165; x_wconf 85' lang='lat' dir='ltr'><strong><em>metum</em></strong></span> 
     </span>
     <span class='ocr_line' id='line_1_17' title="bbox 167 2207 1164 2287; baseline 0.002 -19"><span class='ocrx_word' id='word_1_117' title='bbox 167 2208 360 2270; x_wconf 74' lang='lat' dir='ltr'><strong><em>exstimulata</em></strong></span> <span class='ocrx_word' id='word_1_118' title='bbox 381 2207 458 2287; x_wconf 86' lang='lat' dir='ltr'><strong><em>apud</em></strong></span> <span class='ocrx_word' id='word_1_119' title='bbox 480 2207 613 2269; x_wconf 84' lang='lat' dir='ltr'><strong><em>Tacitum</em></strong></span> <span class='ocrx_word' id='word_1_120' title='bbox 636 2209 730 2282; x_wconf 84' lang='lat' dir='ltr'><strong><em>(Ana.</em></strong></span> <span class='ocrx_word' id='word_1_121' title='bbox 755 2209 822 2268; x_wconf 87' lang='lat' dir='ltr'><strong><em>XlV</em></strong></span> <span class='ocrx_word' id='word_1_122' title='bbox 843 2209 900 2286; x_wconf 73' lang='lat' dir='ltr'><strong><em>cr)</em></strong></span> <span class='ocrx_word' id='word_1_123' title='bbox 925 2215 1065 2287; x_wconf 88' lang='lat' dir='ltr'><strong><em>conatur,</em></strong></span> <span class='ocrx_word' id='word_1_124' title='bbox 1093 2212 1164 2270; x_wconf 89' lang='lat' dir='ltr'><strong><em>imi-</em></strong></span> 
     </span>
     <span class='ocr_line' id='line_1_18' title="bbox 168 2316 1164 2382; baseline 0.003 -7"><span class='ocrx_word' id='word_1_125' title='bbox 168 2319 247 2382; x_wconf 86' lang='lat' dir='ltr'><strong><em>tator</em></strong></span> <span class='ocrx_word' id='word_1_126' title='bbox 268 2317 495 2377; x_wconf 80' lang='lat' dir='ltr'><strong><em>transmissurus</em></strong></span> <span class='ocrx_word' id='word_1_127' title='bbox 526 2321 556 2375; x_wconf 92' lang='lat' dir='ltr'><strong><em>et</em></strong></span> <span class='ocrx_word' id='word_1_128' title='bbox 581 2316 610 2374; x_wconf 93' lang='lat' dir='ltr'><strong><em>in</em></strong></span> <span class='ocrx_word' id='word_1_129' title='bbox 638 2331 702 2376; x_wconf 87' lang='lat' dir='ltr'><strong><em>rem</em></strong></span> <span class='ocrx_word' id='word_1_130' title='bbox 739 2333 822 2377; x_wconf 90' lang='lat' dir='ltr'><strong><em>suam</em></strong></span> <span class='ocrx_word' id='word_1_131' title='bbox 855 2317 935 2377; x_wconf 83' lang='lat' dir='ltr'><strong><em>lraud</em></strong></span> <span class='ocrx_word' id='word_1_132' title='bbox 962 2333 1164 2379; x_wconf 87' lang='lat' dir='ltr'><strong><em>conversurus</em></strong></span> 
     </span>
     <span class='ocr_line' id='line_1_19' title="bbox 167 2421 1164 2484; baseline 0.002 -2"><span class='ocrx_word' id='word_1_133' title='bbox 167 2421 295 2483; x_wconf 80' lang='lat' dir='ltr'><strong><em>luisset?</em></strong></span> <span class='ocrx_word' id='word_1_134' title='bbox 337 2423 366 2484; x_wconf 87' lang='lat' dir='ltr'><strong><em>ts</em></strong></span> <span class='ocrx_word' id='word_1_135' title='bbox 388 2438 463 2484; x_wconf 86' lang='lat' dir='ltr'><strong><em>vero</em></strong></span> <span class='ocrx_word' id='word_1_136' title='bbox 484 2439 547 2482; x_wconf 90' lang='lat' dir='ltr'><strong><em>non</em></strong></span> <span class='ocrx_word' id='word_1_137' title='bbox 569 2421 661 2482; x_wconf 91' lang='lat' dir='ltr'><strong><em>modo</em></strong></span> <span class='ocrx_word' id='word_1_138' title='bbox 691 2421 729 2482; x_wconf 90' lang='lat' dir='ltr'><strong><em>de</em></strong></span> <span class='ocrx_word' id='word_1_139' title='bbox 751 2422 798 2482; x_wconf 92' lang='lat' dir='ltr'><strong><em>his</em></strong></span> <span class='ocrx_word' id='word_1_140' title='bbox 820 2423 979 2483; x_wconf 87' lang='lat' dir='ltr'><strong><em>luminibus</em></strong></span> <span class='ocrx_word' id='word_1_141' title='bbox 1009 2422 1081 2484; x_wconf 89' lang='lat' dir='ltr'><strong><em>nihil</em></strong></span> <span class='ocrx_word' id='word_1_142' title='bbox 1105 2423 1164 2484; x_wconf 89' lang='lat' dir='ltr'><strong><em>ha-</em></strong></span> 
     </span>
     <span class='ocr_line' id='line_1_20' title="bbox 167 2527 1164 2606; baseline 0 -16"><span class='ocrx_word' id='word_1_143' title='bbox 167 2528 230 2606; x_wconf 90' lang='lat' dir='ltr'><strong><em>bet,</em></strong></span> <span class='ocrx_word' id='word_1_144' title='bbox 254 2529 309 2590; x_wconf 92' lang='lat' dir='ltr'><strong><em>sed</em></strong></span> <span class='ocrx_word' id='word_1_145' title='bbox 326 2528 406 2590; x_wconf 86' lang='lat' dir='ltr'><strong><em>idam</em></strong></span> <span class='ocrx_word' id='word_1_146' title='bbox 420 2528 590 2604; x_wconf 86' lang='lat' dir='ltr'><strong><em>Anicetum,</em></strong></span> <span class='ocrx_word' id='word_1_147' title='bbox 610 2528 803 2589; x_wconf 89' lang='lat' dir='ltr'><strong><em>subornatum</em></strong></span> <span class='ocrx_word' id='word_1_148' title='bbox 818 2527 896 2589; x_wconf 91' lang='lat' dir='ltr'><strong><em>iilum</em></strong></span> <span class='ocrx_word' id='word_1_149' title='bbox 913 2529 1059 2590; x_wconf 87' lang='lat' dir='ltr'><strong><em>Octaviae</em></strong></span> <span class='ocrx_word' id='word_1_150' title='bbox 1076 2531 1164 2590; x_wconf 92' lang='lat' dir='ltr'><strong><em>adul-</em></strong></span> 
     </span>
     <span class='ocr_line' id='line_1_21' title="bbox 168 2635 1164 2718; baseline 0 -20"><span class='ocrx_word' id='word_1_151' title='bbox 168 2645 262 2698; x_wconf 91' lang='lat' dir='ltr'><strong><em>terum</em></strong></span> <span class='ocrx_word' id='word_1_152' title='bbox 286 2643 316 2698; x_wconf 88' lang='lat' dir='ltr'><strong><em>et</em></strong></span> <span class='ocrx_word' id='word_1_153' title='bbox 336 2637 467 2718; x_wconf 81' lang='lat' dir='ltr'><strong><em>Neronis</em></strong></span> <span class='ocrx_word' id='word_1_154' title='bbox 488 2635 725 2697; x_wconf 89' lang='lat' dir='ltr'><strong><em>adhortationem</em></strong></span> <span class='ocrx_word' id='word_1_155' title='bbox 749 2637 857 2711; x_wconf 81' lang='lat' dir='ltr'><strong><em>(Tacit.</em></strong></span> <span class='ocrx_word' id='word_1_156' title='bbox 877 2637 955 2697; x_wconf 83' lang='lat' dir='ltr'><strong><em>Arm.</em></strong></span> <span class='ocrx_word' id='word_1_157' title='bbox 979 2635 1046 2698; x_wconf 87' lang='lat' dir='ltr'><strong><em>XIV</em></strong></span> <span class='ocrx_word' id='word_1_158' title='bbox 1074 2637 1115 2697; x_wconf 82' lang='lat' dir='ltr'><strong><em>ca</em></strong></span> <span class='ocrx_word' id='word_1_159' title='bbox 1134 2643 1164 2698; x_wconf 90' lang='lat' dir='ltr'><strong><em>el</em></strong></span> 
     </span>
     <span class='ocr_line' id='line_1_22' title="bbox 169 2741 1163 2820; baseline 0.002 -16"><span class='ocrx_word' id='word_1_160' title='bbox 169 2742 240 2820; x_wconf 81' lang='grc'>63],</span> <span class='ocrx_word' id='word_1_161' title='bbox 263 2748 295 2803; x_wconf 92' lang='lat' dir='ltr'><strong><em>ut</em></strong></span> <span class='ocrx_word' id='word_1_162' title='bbox 304 2742 450 2803; x_wconf 86' lang='lat' dir='ltr'><strong><em>Anicetus</em></strong></span> <span class='ocrx_word' id='word_1_163' title='bbox 471 2741 647 2804; x_wconf 86' lang='lat' dir='ltr'><strong><em>adulterium</em></strong></span> <span class='ocrx_word' id='word_1_164' title='bbox 669 2760 734 2804; x_wconf 92' lang='lat' dir='ltr'><strong><em>cum</em></strong></span> <span class='ocrx_word' id='word_1_165' title='bbox 756 2743 882 2804; x_wconf 88' lang='lat' dir='ltr'><strong><em>Octavia</em></strong></span> <span class='ocrx_word' id='word_1_166' title='bbox 905 2745 1095 2806; x_wconf 88' lang='lat' dir='ltr'><strong><em>commissum</em></strong></span> <span class='ocrx_word' id='word_1_167' title='bbox 1115 2744 1163 2806; x_wconf 87' lang='lat' dir='ltr'><strong><em>la-</em></strong></span> 
     </span>
     <span class='ocr_line' id='line_1_23' title="bbox 170 2850 1166 2930; baseline 0 -18"><span class='ocrx_word' id='word_1_168' title='bbox 170 2855 294 2928; x_wconf 87' lang='lat' dir='ltr'><strong><em>teretur,</em></strong></span> <span class='ocrx_word' id='word_1_169' title='bbox 316 2851 451 2930; x_wconf 84' lang='lat' dir='ltr'><strong><em>quamvis</em></strong></span> <span class='ocrx_word' id='word_1_170' title='bbox 474 2857 560 2930; x_wconf 90' lang='lat' dir='ltr'><strong><em>aptos</em></strong></span> <span class='ocrx_word' id='word_1_171' title='bbox 580 2850 699 2912; x_wconf 83' lang='lat' dir='ltr'><strong><em>tabulae</em></strong></span> <span class='ocrx_word' id='word_1_172' title='bbox 720 2853 824 2927; x_wconf 88' lang='lat' dir='ltr'><strong><em>tiores,</em></strong></span> <span class='ocrx_word' id='word_1_173' title='bbox 846 2852 964 2912; x_wconf 90' lang='lat' dir='ltr'><strong><em>silentio</em></strong></span> <span class='ocrx_word' id='word_1_174' title='bbox 986 2852 1166 2930; x_wconf 88' lang='lat' dir='ltr'><strong><em>praetermi-</em></strong></span> 
     </span>
     <span class='ocr_line' id='line_1_24' title="bbox 170 2957 1165 3034; baseline -0.001 -17"><span class='ocrx_word' id='word_1_175' title='bbox 170 2957 231 3034; x_wconf 86' lang='lat' dir='ltr'><strong><em>sit,</em></strong></span> <span class='ocrx_word' id='word_1_176' title='bbox 254 2957 334 3034; x_wconf 93' lang='lat' dir='ltr'><strong><em>quod</em></strong></span> <span class='ocrx_word' id='word_1_177' title='bbox 354 2973 429 3017; x_wconf 88' lang='lat' dir='ltr'><strong><em>sane</em></strong></span> <span class='ocrx_word' id='word_1_178' title='bbox 449 2973 511 3017; x_wconf 90' lang='lat' dir='ltr'><strong><em>non</em></strong></span> <span class='ocrx_word' id='word_1_179' title='bbox 534 2957 678 3029; x_wconf 88' lang='lat' dir='ltr'><strong><em>iecisset,</em></strong></span> <span class='ocrx_word' id='word_1_180' title='bbox 707 2957 733 3016; x_wconf 91' lang='lat' dir='ltr'><strong><em>si</em></strong></span> <span class='ocrx_word' id='word_1_181' title='bbox 756 2957 889 3016; x_wconf 81' lang='lat' dir='ltr'><strong><em>Tacitum</em></strong></span> <span class='ocrx_word' id='word_1_182' title='bbox 911 2957 1084 3016; x_wconf 88' lang='lat' dir='ltr'><strong><em>imitandum</em></strong></span> <span class='ocrx_word' id='word_1_183' title='bbox 1107 2957 1165 3016; x_wconf 90' lang='lat' dir='ltr'><strong><em>sibi</em></strong></span> 
     </span>
     <span class='ocr_line' id='line_1_25' title="bbox 171 3060 1165 3146; baseline 0 -20"><span class='ocrx_word' id='word_1_184' title='bbox 171 3064 348 3142; x_wconf 87' lang='lat' dir='ltr'><strong><em>sumpsisset</em></strong></span> <span class='ocrx_word' id='word_1_185' title='bbox 377 3060 426 3123; x_wconf 88' lang='lat' dir='ltr'><strong><em>vel</em></strong></span> <span class='ocrx_word' id='word_1_186' title='bbox 456 3063 522 3122; x_wconf 90' lang='lat' dir='ltr'><strong><em>eius</em></strong></span> <span class='ocrx_word' id='word_1_187' title='bbox 543 3061 775 3141; x_wconf 86' lang='lat' dir='ltr'><strong><em>descriptionem</em></strong></span> <span class='ocrx_word' id='word_1_188' title='bbox 800 3069 938 3143; x_wconf 87' lang='lat' dir='ltr'><strong><em>tanquam</em></strong></span> <span class='ocrx_word' id='word_1_189' title='bbox 959 3071 1165 3146; x_wconf 80' lang='lat' dir='ltr'><strong><em>argumentum</em></strong></span> 
     </span>
    </p>
   </div>
   <div class='ocr_carea' id='block_1_8' title="bbox 107 3155 552 3234">
    <p class='ocr_par' dir='ltr' id='par_1_8' title="bbox 107 3155 552 3234">
     <span class='ocr_line' id='line_1_26' title="bbox 107 3155 552 3234; baseline -0.009 0"><span class='ocrx_word' id='word_1_190' title='bbox 107 3155 109 3158; x_wconf 32' lang='lat'>⁵</span> <span class='ocrx_word' id='word_1_191' title='bbox 173 3178 210 3234; x_wconf 80' lang='lat' dir='ltr'><strong><em>et·</em></strong></span> <span class='ocrx_word' id='word_1_192' title='bbox 226 3172 338 3232; x_wconf 88' lang='lat' dir='ltr'><strong><em>iontem</em></strong></span> <span class='ocrx_word' id='word_1_193' title='bbox 359 3169 552 3231; x_wconf 88' lang='lat' dir='ltr'><strong><em>adhibuisset.</em></strong></span> 
     </span>
    </p>
   </div>
   <div class='ocr_carea' id='block_1_9' title="bbox 173 3277 1186 4208">
    <p class='ocr_par' dir='ltr' id='par_1_9' title="bbox 173 3277 1169 3784">
     <span class='ocr_line' id='line_1_27' title="bbox 269 3277 1166 3366; baseline 0.003 -28"><span class='ocrx_word' id='word_1_194' title='bbox 269 3277 418 3357; x_wconf 83' lang='lat' dir='ltr'><strong><em>Quidquid</em></strong></span> <span class='ocrx_word' id='word_1_195' title='bbox 448 3277 646 3340; x_wconf 89' lang='lat' dir='ltr'><strong><em>similitudinis</em></strong></span> <span class='ocrx_word' id='word_1_196' title='bbox 675 3279 756 3366; x_wconf 85' lang='lat' dir='ltr'><strong><em>inter</em></strong></span> <span class='ocrx_word' id='word_1_197' title='bbox 784 3279 916 3339; x_wconf 83' lang='lat' dir='ltr'><strong><em>Tacitum</em></strong></span> <span class='ocrx_word' id='word_1_198' title='bbox 946 3285 976 3340; x_wconf 88' lang='lat' dir='ltr'><strong><em>et</em></strong></span> <span class='ocrx_word' id='word_1_199' title='bbox 1013 3286 1166 3342; x_wconf 89' lang='lat' dir='ltr'><strong><em>auctorem</em></strong></span> 
     </span>
     <span class='ocr_line' id='line_1_28' title="bbox 177 3383 1168 3464; baseline -0.005 -17"><span class='ocrx_word' id='word_1_200' title='bbox 177 3385 322 3447; x_wconf 89' lang='lat' dir='ltr'><strong><em>Octaviae</em></strong></span> <span class='ocrx_word' id='word_1_201' title='bbox 343 3385 514 3464; x_wconf 87' lang='lat' dir='ltr'><strong><em>repperisse</em></strong></span> <span class='ocrx_word' id='word_1_202' title='bbox 545 3384 602 3446; x_wconf 87' lang='lat' dir='ltr'><strong><em>sibi</em></strong></span> <span class='ocrx_word' id='word_1_203' title='bbox 625 3386 681 3445; x_wconf 88' lang='lat' dir='ltr'><strong><em>visi</em></strong></span> <span class='ocrx_word' id='word_1_204' title='bbox 703 3391 770 3445; x_wconf 90' lang='lat' dir='ltr'><strong><em>sunt</em></strong></span> <span class='ocrx_word' id='word_1_205' title='bbox 792 3385 994 3462; x_wconf 86' lang='lat' dir='ltr'><strong><em>interpretes,</em></strong></span> <span class='ocrx_word' id='word_1_206' title='bbox 1026 3383 1056 3442; x_wconf 91' lang='lat' dir='ltr'><strong><em>id</em></strong></span> <span class='ocrx_word' id='word_1_207' title='bbox 1079 3401 1168 3444; x_wconf 92' lang='lat' dir='ltr'><strong><em>omne</em></strong></span> 
     </span>
     <span class='ocr_line' id='line_1_29' title="bbox 173 3489 1169 3570; baseline 0.001 -20"><span class='ocrx_word' id='word_1_208' title='bbox 173 3507 211 3551; x_wconf 89' lang='lat' dir='ltr'><strong><em>ec</em></strong></span> <span class='ocrx_word' id='word_1_209' title='bbox 235 3489 312 3552; x_wconf 89' lang='lat' dir='ltr'><strong><em>redit</em></strong></span> <span class='ocrx_word' id='word_1_210' title='bbox 335 3489 416 3570; x_wconf 93' lang='lat' dir='ltr'><strong><em>quod</em></strong></span> <span class='ocrx_word' id='word_1_211' title='bbox 438 3497 527 3569; x_wconf 89' lang='lat' dir='ltr'><strong><em>poeta</em></strong></span> <span class='ocrx_word' id='word_1_212' title='bbox 548 3491 631 3568; x_wconf 91' lang='lat' dir='ltr'><strong><em>plura</em></strong></span> <span class='ocrx_word' id='word_1_213' title='bbox 655 3489 817 3570; x_wconf 82' lang='lat' dir='ltr'><strong><em>diiigenter</em></strong></span> <span class='ocrx_word' id='word_1_214' title='bbox 838 3496 868 3551; x_wconf 87' lang='lat' dir='ltr'><strong><em>et</em></strong></span> <span class='ocrx_word' id='word_1_215' title='bbox 888 3489 1016 3552; x_wconf 85' lang='lat' dir='ltr'><strong><em>fideliter</em></strong></span> <span class='ocrx_word' id='word_1_216' title='bbox 1036 3506 1169 3551; x_wconf 87' lang='lat' dir='ltr'><strong><em>exsecu-</em></strong></span> 
     </span>
     <span class='ocr_line' id='line_1_30' title="bbox 175 3597 1167 3677; baseline -0.001 -19"><span class='ocrx_word' id='word_1_217' title='bbox 175 3604 222 3659; x_wconf 91' lang='lat' dir='ltr'><strong><em>tus</em></strong></span> <span class='ocrx_word' id='word_1_218' title='bbox 244 3604 313 3676; x_wconf 81' lang='lat' dir='ltr'><strong><em>esl&#39;,</em></strong></span> <span class='ocrx_word' id='word_1_219' title='bbox 345 3613 422 3677; x_wconf 89' lang='lat' dir='ltr'><strong><em>quac</em></strong></span> <span class='ocrx_word' id='word_1_220' title='bbox 451 3597 481 3656; x_wconf 91' lang='lat' dir='ltr'><strong><em>in</em></strong></span> <span class='ocrx_word' id='word_1_221' title='bbox 504 3597 610 3658; x_wconf 86' lang='lat' dir='ltr'><strong><em>eadem</em></strong></span> <span class='ocrx_word' id='word_1_222' title='bbox 639 3615 674 3658; x_wconf 90' lang='lat' dir='ltr'><strong><em>re</em></strong></span> <span class='ocrx_word' id='word_1_223' title='bbox 706 3597 782 3677; x_wconf 88' lang='lat' dir='ltr'><strong><em>apud</em></strong></span> <span class='ocrx_word' id='word_1_224' title='bbox 807 3599 965 3658; x_wconf 85' lang='lat' dir='ltr'><strong><em>Annalium</em></strong></span> <span class='ocrx_word' id='word_1_225' title='bbox 989 3599 1167 3677; x_wconf 85' lang='lat' dir='ltr'><strong><em>scriptorem</em></strong></span> 
     </span>
     <span class='ocr_line' id='line_1_31' title="bbox 176 3703 1065 3784; baseline 0 -20"><span class='ocrx_word' id='word_1_226' title='bbox 176 3703 266 3764; x_wconf 89' lang='lat' dir='ltr'><strong><em>etiam</em></strong></span> <span class='ocrx_word' id='word_1_227' title='bbox 288 3705 454 3765; x_wconf 85' lang='lat' dir='ltr'><strong><em>accuratius</em></strong></span> <span class='ocrx_word' id='word_1_228' title='bbox 482 3712 512 3765; x_wconf 89' lang='lat' dir='ltr'><strong><em>et</em></strong></span> <span class='ocrx_word' id='word_1_229' title='bbox 531 3705 648 3784; x_wconf 88' lang='lat' dir='ltr'><strong><em>planius</em></strong></span> <span class='ocrx_word' id='word_1_230' title='bbox 670 3705 805 3784; x_wconf 86' lang='lat' dir='ltr'><strong><em>exposita</em></strong></span> <span class='ocrx_word' id='word_1_231' title='bbox 828 3705 965 3784; x_wconf 84' lang='lat' dir='ltr'><strong><em>legimus</em></strong></span> <span class='ocrx_word' id='word_1_232' title='bbox 1057 3723 1065 3738; x_wconf 64' lang='lat'><strong>„</strong></span> 
     </span>
    </p>

    <p class='ocr_par' dir='ltr' id='par_1_10' title="bbox 175 3807 1186 4208">
     <span class='ocr_line' id='line_1_32' title="bbox 259 3807 1169 3888; baseline 0.002 -20"><span class='ocrx_word' id='word_1_233' title='bbox 259 3807 322 3868; x_wconf 89' lang='lat' dir='ltr'><strong><em>Hac</em></strong></span> <span class='ocrx_word' id='word_1_234' title='bbox 345 3809 434 3888; x_wconf 80' lang='lat' dir='ltr'><strong><em>igitur</em></strong></span> <span class='ocrx_word' id='word_1_235' title='bbox 456 3813 505 3873; x_wconf 86' lang='lat' dir='ltr'><strong><em>via</em></strong></span> <span class='ocrx_word' id='word_1_236' title='bbox 537 3818 665 3872; x_wconf 84' lang='lat' dir='ltr'><strong><em>aetatem</em></strong></span> <span class='ocrx_word' id='word_1_237' title='bbox 696 3813 761 3871; x_wconf 91' lang='lat' dir='ltr'><strong><em>eius</em></strong></span> <span class='ocrx_word' id='word_1_238' title='bbox 794 3811 842 3888; x_wconf 92' lang='lat' dir='ltr'><strong><em>qui</em></strong></span> <span class='ocrx_word' id='word_1_239' title='bbox 869 3809 990 3888; x_wconf 84' lang='lat' dir='ltr'><strong><em>scripsit</em></strong></span> <span class='ocrx_word' id='word_1_240' title='bbox 1013 3808 1169 3870; x_wconf 88' lang='lat' dir='ltr'><strong><em>Octaviam</em></strong></span> 
     </span>
     <span class='ocr_line' id='line_1_33' title="bbox 177 3915 1169 3990; baseline -0.004 -12"><span class='ocrx_word' id='word_1_241' title='bbox 177 3917 287 3978; x_wconf 87' lang='lat' dir='ltr'><strong><em>certius</em></strong></span> <span class='ocrx_word' id='word_1_242' title='bbox 309 3915 434 3976; x_wconf 89' lang='lat' dir='ltr'><strong><em>definire</em></strong></span> <span class='ocrx_word' id='word_1_243' title='bbox 449 3915 528 3976; x_wconf 89' lang='lat' dir='ltr'><strong><em>haud</em></strong></span> <span class='ocrx_word' id='word_1_244' title='bbox 548 3917 666 3979; x_wconf 91' lang='lat' dir='ltr'><strong><em>licebit:</em></strong></span> <span class='ocrx_word' id='word_1_245' title='bbox 687 3917 742 3978; x_wconf 90' lang='lat' dir='ltr'><strong><em>sed</em></strong></span> <span class='ocrx_word' id='word_1_246' title='bbox 765 3915 822 3977; x_wconf 87' lang='lat' dir='ltr'><strong><em>alia</em></strong></span> <span class='ocrx_word' id='word_1_247' title='bbox 842 3916 949 3978; x_wconf 89' lang='lat' dir='ltr'><strong><em>adsunt</em></strong></span> <span class='ocrx_word' id='word_1_248' title='bbox 964 3916 1076 3976; x_wconf 91' lang='lat' dir='ltr'><strong><em>indicia</em></strong></span> <span class='ocrx_word' id='word_1_249' title='bbox 1092 3929 1169 3990; x_wconf 86' lang='lat' dir='ltr'><strong><em>quae</em></strong></span> 
     </span>
     <span class='ocr_line' id='line_1_34' title="bbox 175 4022 1166 4104; baseline -0.011 -19"><span class='ocrx_word' id='word_1_250' title='bbox 175 4024 287 4085; x_wconf 87' lang='lat' dir='ltr'><strong><em>rectius</em></strong></span> <span class='ocrx_word' id='word_1_251' title='bbox 306 4022 336 4082; x_wconf 91' lang='lat' dir='ltr'><strong><em>in</em></strong></span> <span class='ocrx_word' id='word_1_252' title='bbox 359 4023 417 4082; x_wconf 86' lang='lat' dir='ltr'><strong><em>hac</em></strong></span> <span class='ocrx_word' id='word_1_253' title='bbox 439 4023 615 4103; x_wconf 84' lang='lat' dir='ltr'><strong><em>quaestione</em></strong></span> <span class='ocrx_word' id='word_1_254' title='bbox 631 4026 716 4103; x_wconf 86' lang='lat' dir='ltr'><strong><em>sequi</em></strong></span> <span class='ocrx_word' id='word_1_255' title='bbox 736 4039 894 4104; x_wconf 91' lang='lat' dir='ltr'><strong><em>possumus</em></strong></span> <span class='ocrx_word' id='word_1_256' title='bbox 909 4038 1045 4100; x_wconf 92' lang='lat' dir='ltr'><strong><em>quaeque</em></strong></span> <span class='ocrx_word' id='word_1_257' title='bbox 1065 4025 1166 4078; x_wconf 80' lang='lat' dir='ltr'><strong><em>ostam</em></strong></span> 
     </span>
     <span class='ocr_line' id='line_1_35' title="bbox 178 4103 1186 4208; baseline 0.001 -18"><span class='ocrx_word' id='word_1_258' title='bbox 178 4129 250 4190; x_wconf 92' lang='lat' dir='ltr'><strong><em>dunt</em></strong></span> <span class='ocrx_word' id='word_1_259' title='bbox 269 4126 415 4191; x_wconf 85' lang='lat' dir='ltr'><strong><em>Octaviae</em></strong></span> <span class='ocrx_word' id='word_1_260' title='bbox 437 4126 634 4208; x_wconf 90' lang='lat' dir='ltr'><strong><em>scriptorem,</em></strong></span> <span class='ocrx_word' id='word_1_261' title='bbox 665 4142 832 4206; x_wconf 86' lang='lat' dir='ltr'><strong><em>quanquam</em></strong></span> <span class='ocrx_word' id='word_1_262' title='bbox 854 4123 971 4187; x_wconf 91' lang='lat' dir='ltr'><strong><em>demum</em></strong></span> <span class='ocrx_word' id='word_1_263' title='bbox 993 4133 1061 4208; x_wconf 90' lang='lat' dir='ltr'><strong><em>post</em></strong></span> <span class='ocrx_word' id='word_1_264' title='bbox 1081 4103 1186 4191; x_wconf 56' lang='lat' dir='ltr'><strong><em>mor-s</em></strong></span> 
     </span>
    </p>
   </div>
   <div class='ocr_carea' id='block_1_10' title="bbox 0 0 1559 5016">
    <p class='ocr_par' dir='ltr' id='par_1_11' title="bbox 0 0 1559 5016">
     <span class='ocr_line' id='line_1_36' title="bbox 0 0 1559 5016; baseline 0 0"><span class='ocrx_word' id='word_1_265' title='bbox 0 0 1559 5016; x_wconf 95' lang='lat' dir='ltr'><strong><em> </em></strong></span> 
     </span>
    </p>
   </div>
  </div>
 </body>
</html>
