3078 5016
545 570 646 631 Csrvr
673 567 789 634 ll-lll.
1085 565 1151 644 Xlll

161 844 225 912 tlt.
270 843 417 911 Materni
435 855 635 929 praetextae
655 848 824 913 *uantum
848 853 881 910 et
903 845 997 926 Geta,
1019 854 1151 930 trapae-

264 952 339 1016 ttae
376 948 467 1017 more
496 952 629 1020 Graeca
663 952 784 1020 Medea
815 960 847 1019 et
875 950 1092 1035 Apamamou
1121 959 1155 1016 et

267 1055 436 1141 tapetes.

245 1238 310 1310 Quo
333 1255 414 1299 anno
438 1237 585 1318 Dialoqus
607 1239 643 1300 de
668 1237 869 1318 Oratoribus,
891 1259 909 1300 a
931 1236 1071 1301 Cornelio
1093 1238 1153 1297 'la-

162 1343 220 1402 cito
240 1343 348 1404 iuvene
370 1345 557 1422 conscriptus
580 1349 610 1403 et
631 1343 746 1420 editus,
781 1343 899 1406 habitus
930 1361 1000 1406 esse
1020 1345 1152 1424 lingitur,

160 1448 189 1508 lt.
211 1467 238 1509 c.
262 1466 341 1509 anno
363 1456 431 1528 post
443 1447 589 1510 Christum
610 1456 710 1510 natum
733 1450 955 1531 septuagesimo
970 1452 1072 1529 quinto
1089 1451 1154 1512 siue

162 1562 248 1618 sexto
279 1556 458 1635 Vespasiani
489 1556 631 1635 principis
663 1557 819 1617 consulatu
849 1557 905 1632 (cl.
928 1556 1004 1618 Dial.
1036 1575 1062 1617 c.
1088 1556 1155 1634 17),

160 1681 236 1724 unus
270 1681 309 1723 cx
332 1663 615 1738 interlocutoribus,
645 1662 792 1723 Curiatius
820 1662 971 1722 Maternus
1001 1668 1104 1744 orator
1126 1668 1156 1722 et

161 1778 262 1852 poeta,
286 1777 407 1851 practer
429 1771 540 1848 aliquot
559 1769 733 1850 tragoedias
752 1770 868 1831 Graeco
892 1788 977 1832 more
1001 1771 1156 1848 composi-

160 1887 207 1940 tas
231 1878 308 1938 oues
327 1884 501 1957 praetextas
523 1878 686 1957 scripserat
714 1885 743 1938 et
763 1879 963 1954 recitaverat,
995 1875 1157 1937 Domitium

162 2003 275 2062 unam,
307 1984 429 2046 alteram
455 1985 606 2046 Catonem.
663 1986 806 2048 Catonern
830 1988 967 2066 proximo
997 1985 1046 2046 die
1068 2003 1155 2064 quam

163 2091 344 2168 colloquium
366 2091 404 2152 de
428 2091 598 2154 aratoribus
618 2091 750 2156 habiturn
772 2111 841 2157 esse
859 2094 953 2154 fertur
974 2093 1156 2154 recitaverat
1191 2169 1196 2178 1

163 2216 200 2260 ac
221 2197 344 2258 liberius
364 2213 441 2275 quae
461 2198 587 2275 sentiret
606 2197 636 2257 in
659 2214 695 2257 ea
717 2197 816 2258 sabula
839 2197 974 2259 elocutus
999 2194 1077 2276 apud
1097 2211 1158 2276 pc-

163 2303 285 2380 lentium
308 2304 425 2366 animos
445 2301 623 2365 offenderat.
655 2303 701 2365 De
720 2303 778 2365 hac
800 2289 835 2366 re
855 2303 975 2367 Marcus
994 2303 1077 2383 Aper
1099 2320 1157 2382 pa-

163 2417 268 2471 tronus
289 2425 447 2470 causarum
469 2415 499 2469 et
521 2411 634 2471 amicus
656 2409 783 2471 Materni
804 2409 882 2488 apud
895 2410 1029 2470 Taciturn
1055 2417 1100 2485 [c.
1120 2407 1157 2486 3>

163 2516 283 2596 protulit
313 2532 389 2594 quae
412 2523 593 2596 sequuntur:
626 2516 701 2576 odeo
731 2523 758 2578 te
791 2516 965 2595 trupoedioe
990 2516 1068 2575 istae
1096 2533 1158 2574 nou

164 2621 295 2694 sotium,
326 2621 421 2698 iuquit
443 2620 548 2699 Aper,
579 2637 638 2700 quo
664 2622 762 2683 mimus
790 2622 910 2684 omissis
930 2621 1101 2683 orationum
1130 2626 1160 2680 et

166 2745 330 2790 caurorum
349 2727 458 2789 studiis
480 2745 566 2789 omne
587 2735 702 2808 tempus
724 2728 811 2790 modo
828 2729 912 2792 circa
921 2725 1067 2802 Medeam,
1090 2746 1158 2790 ecce

165 2853 245 2896 uuae
272 2835 358 2897 circo
387 2835 533 2914 ltpesreo
559 2853 739 2910 consumas,
767 2855 834 2897 cum
863 2843 892 2897 te
922 2842 965 2897 tot
995 2834 1161 2896 amicorum

166 2959 294 3018 causae,
315 2947 358 3002 tot
379 2941 565 3002 coloniorum
585 2948 614 3000 et
632 2941 863 3018 municipiorum
884 2941 1038 3002 clientelae
1057 2940 1089 2998 ia
1108 2940 1162 3018 so·
1255 3015 1258 3020 Ι

166 3065 235 3107 rum
252 3052 377 3122 uocem,
412 3043 520 3123 quibus
540 3045 596 3106 uia
614 3045 795 3124 sufficeres,
830 3044 948 3105 etiarnsi
966 3062 1028 3104 mon
1046 3059 1161 3104 uocum

166 3149 221 3212 att
241 3151 308 3230 ipse
327 3149 475 3229 nepotium
492 3150 700 3228 importasset,
720 3149 882 3210 Domitium
904 3157 932 3210 et
953 3150 1111 3226 Catonem,
1130 3150 1164 3210 id

169 3266 217 3321 est
238 3263 362 3320 rostras
382 3271 500 3336 quoque
519 3257 664 3318 laterior
684 3264 713 3318 et
733 3257 872 3318 Romana
892 3258 1032 3337 nomino,
1063 3258 1163 3319 Grae-

168 3367 304 3428 culorum
322 3364 438 3444 fabuiis
460 3365 636 3446 odqreqore.
693 3343 909 3425 Recitationem
940 3371 1163 3443 praeteritarum

167 3487 279 3533 nouum
298 3471 446 3550 oeqotium
466 3471 548 3550 Aper
572 3469 709 3553 appellat,
729 3472 809 3550 quod
832 3469 891 3532 hoc
913 3470 1078 3559 tabularum
1102 3487 1174 3552 ge-.

168 3595 225 3640 nus
247 3580 278 3640 in
299 3577 404 3640 litteris
418 3576 532 3640 Latinis
554 3585 626 3640 tunc
646 3578 711 3640 lere
736 3578 936 3641 oblitteratum
956 3583 1074 3657 etpost
1093 3575 1164 3638 lon-

168 3702 240 3766 gum
261 3687 404 3764 temporis
425 3686 611 3760 interuallum
632 3686 801 3748 aMaterno
822 3686 1031 3748 resuscitatum
1046 3685 1162 3759 erat⁴).

169 3790 230 3855 Sed
254 3793 436 3856 cave'laciti
456 3794 550 3857 verba
570 3812 663 3874 prave
682 3796 815 3873 accipias
839 3795 890 3869 ita,
912 3798 945 3854 ut
967 3790 1165 3872 quamadmo-

239 3994 268 4062 l)
289 3993 339 4046 Diu
358 4001 414 4044 erat
433 4001 601 4060 posteaquam
619 3996 720 4048 Cilnius
746 3996 884 4048 Maecenas
912 3997 1045 4046 Octauiam
1076 4006 1165 4057 parum

172 4089 326 4140 celebratam
344 4088 492 4154 scripserat.
518 4089 621 4140 l'ersius
642 4098 800 4154 praetextaru
825 4089 912 4139 Vescia
930 4096 968 4153 (v.
979 4087 1095 4140 Suetonii
1113 4087 1167 4136 rita

172 4181 256 4255 Pers.)
273 4181 322 4234 sibi
343 4182 442 4235 lecerat
460 4183 571 4248 iuvenis,
589 4182 634 4235 sed
653 4183 679 4232 in
699 4181 793 4246 n'nlgrrs
811 4195 842 4232 ea
861 4193 913 4231 non
931 4179 1000 4231 edita
1018 4187 1065 4232 est.
