3078 5016
540 561 640 623 Cnevr
663 558 803 626 tlt-llil.
861 635 862 642 ἵ
1094 559 1176 626 XXV

182 741 344 802 iuverrtutis
367 755 404 798 ac
427 740 609 818 nobilitatis,
645 757 765 803 amores
786 739 885 821 populi
907 739 1032 804 limnani
1054 740 1176 806 descri-
1216 763 1220 770 ·

180 847 249 926 psit,
273 843 424 905 Claudium
446 847 597 908 Neronem
620 848 784 926 principem
807 849 931 926 eiusque
953 847 1175 926 immanitatem,

180 970 259 1034 quac
279 952 369 1012 multo
391 957 459 1030 post
479 951 601 1031 cognita
623 957 686 1028 est,
708 952 782 1014 nibil
805 951 929 1013 curavit.
975 952 1063 1024 Quod
1093 951 1175 1014 Nero

177 1059 371 1122 laetissimam
404 1075 486 1137 spem
517 1057 555 1118 dc
578 1073 611 1119 se
632 1059 702 1120 olim
735 1065 912 1138 conceptam
942 1058 1033 1119 ioede
1062 1057 1177 1136 lelellit,
1233 1138 1237 1150 ¹

178 1167 209 1226 id
236 1183 288 1226 sua
311 1166 404 1245 ipsias
427 1164 512 1244 culpa
534 1164 643 1226 lactum
670 1172 759 1241 erat,
799 1172 831 1226 et
850 1165 909 1226 hoc
928 1164 1079 1226 Maternus
1102 1182 1176 1244 pru-

180 1275 287 1334 denter
310 1275 452 1353 ignorare
475 1277 505 1332 et
526 1274 656 1334 reticere
682 1271 782 1334 voluit.
821 1272 881 1334 Sed
906 1273 1095 1335 nihilominus
1117 1272 1176 1334 bec
1201 1335 1207 1346 x

178 1399 233 1442 sua
254 1380 353 1441 labnla
379 1381 453 1440 satis
475 1397 566 1442 ausus
587 1387 634 1442 est
655 1399 692 1442 ae
713 1381 834 1446 multum
856 1381 981 1463 periculi
997 1383 1088 1444 adiit:
1111 1381 1175 1442 Va-

178 1491 282 1550 tinium
314 1490 393 1549 enim
427 1495 654 1570 praepotentem
687 1491 718 1550 in
753 1490 883 1551 amicitia
918 1490 1002 1552 saevi
1031 1487 1174 1567 principis

177 1599 235 1657 nisi
258 1595 326 1656 inde
349 1595 531 1669 deiecisset,
562 1597 626 1674 ipse
656 1595 814 1656 incolumis
844 1596 1008 1674 perdurare
1040 1597 1091 1654 vix
1113 1611 1174 1673 po·-

177 1703 239 1764 tuit.
271 1698 373 1780 ltaque
395 1702 491 1780 primo
514 1702 654 1780 poeticae
675 1700 877 1779 professionis
900 1701 1039 1781 ingressu
1060 1700 1174 1761 illator-

177 1827 246 1870 num
267 1816 401 1870 nostrum
423 1807 519 1870 vimm
546 1807 654 1869 sortem
684 1813 713 1868 ei
741 1807 867 1869 liberum
900 1815 930 1868 et
952 1807 1098 1870 audacem
1120 1807 1174 1870 ot'-

179 1915 350 1992 lendimus,
383 1917 499 1996 qualem
533 1915 663 1979 eundem
693 1933 798 1978 rursus
834 1914 1086 1995 deprehendimus
1117 1915 1173 1977 snb

177 2025 343 2104 principatu
366 2023 554 2102 Vespasiani,
576 2041 642 2086 cum
665 2023 793 2085 tabulam
814 2024 958 2085 recitavit
976 2029 1173 2102 praetextam,

180 2149 237 2215 qua
266 2132 387 2194 Catonis
413 2131 563 2192 Uticensis
597 2130 699 2193 nobile
730 2131 819 2192 letum
852 2136 883 2193 et
914 2131 1112 2192 constantiam
1144 2135 1175 2190 et

176 2239 323 2302 libertatis
346 2257 480 2303 amorem
500 2239 640 2319 exposuit
661 2257 760 2320 eoque
785 2240 833 2301 vel
856 2235 1032 2318 Vespasiani
1051 2238 1174 2316 patien-

177 2345 282 2407 tissimi
303 2348 385 2408 senis
406 2347 511 2408 amieis
532 2346 682 2426 displicuit
718 2347 773 2421 (ci.
795 2347 889 2424 Tacit.
909 2343 984 2407 Diai.
1007 2362 1034 2406 c.
1060 2345 1078 2404 9
1101 2349 1132 2404 et
1152 2341 1173 2403 3

177 2457 206 2513 et
233 2453 287 2527 10)
300 2474 309 2529 ;
341 2453 471 2514 eandem
498 2452 614 2514 liberae
642 2453 729 2515 vocis
752 2451 909 2513 audaciam
930 2451 1041 2513 iamin
1063 2451 1173 2512 iuvene

176 2556 312 2616 blaterno
334 2557 497 2633 postremis
517 2557 647 2618 Neronis
675 2557 858 2640 temporibus
879 2558 1082 2634 incurrimus,
1114 2575 1173 2636 qua

176 2679 271 2725 senex
293 2661 390 2723 multis
422 2662 509 2723 annis
541 2669 611 2742 post
637 2662 797 2724 Domitiani
825 2663 967 2726 Caesaris
992 2639 1070 2724 iram
1091 2661 1173 2726 idern

176 2770 285 2832 meruit
309 2777 340 2830 et
362 2769 464 2832 ultimo
486 2770 632 2852 supplicio
654 2770 773 2852 punitus
793 2775 857 2839 est:
886 2789 915 2832 v.
936 2771 994 2834 Dio
1016 2769 1094 2855 apud
1113 2767 1174 2836 Xi-

175 2877 319 2956 pmmnn
342 2873 445 2941 uxvtt
469 2876 518 2940 aa.
1041 2855 1044 2860 “

344 3080 430 3147 ΠΗ.
464 3078 640 3146 Maternus
659 3085 807 3148 inuitem
830 3081 990 3150 senece

267 3225 326 3302 Qui
352 3227 419 3294 dum
442 3229 471 3290 in
493 3229 570 3291 vivis
593 3235 658 3292 erat
686 3235 716 3292 ct
748 3231 892 3312 proximis
924 3235 1106 3315 temporibus
1133 3235 1165 3301 in

174 3339 254 3404 omni
269 3338 459 3419 eloquentiae
479 3356 594 3419 genere
611 3341 721 3402 ceteris
737 3340 797 3403 dux
820 3347 849 3401 et
865 3347 971 3402 auctor
989 3344 1100 3403 exstitit
1115 3347 1168 3420 ¹²),

248 3519 292 3588 12)
316 3519 489 3582 Quintilianus
510 3521 533 3572 x
554 3523 567 3571 1
591 3523 659 3573 1252
681 3522 750 3573 solae
767 3524 811 3574 iiie
827 3526 883 3591 {ere
900 3527 929 3576 in
945 3526 1063 3578 marcidae
1080 3527 1171 3580 «duic-

173 3613 297 3662 scentimu
313 3615 362 3679 fuit
380 3649 387 3664 .
408 3653 415 3666 .
434 3648 471 3668 ..
496 3615 618 3665 amabunt
648 3625 806 3668 autemeam
823 3621 906 3686 inopis
932 3636 1009 3685 quam
1030 3621 1172 3672 imitaban-

174 3710 225 3765 tur,
246 3711 391 3773 tantumqae
409 3709 441 3759 od
458 3725 488 3760 ea
511 3710 653 3777 depluebant
672 3721 794 3778 queniam
814 3713 859 3764 ille
877 3714 910 3764 od
930 3717 1042 3780 antiquis
1060 3717 1169 3766 descen-

175 3796 257 3848 deret.
286 3796 318 3847 de
334 3801 402 3850 Aulo
421 3803 508 3853 Persio
534 3805 672 3856 Suetonius
692 3813 812 3872 tanquam
833 3821 916 3856 rarum
936 3807 1062 3874 quoddam
1079 3809 1169 3873 reicrt,

175 3906 234 3942 cum
251 3892 367 3944 Senecae
387 3895 492 3960 ingenio
513 3907 685 3966 nuncapium
711 3913 786 3949 csse:
810 3917 867 3950 sero
892 3905 1010 3968 capuceis
1036 3906 1170 3968 Senecam,

174 3987 290 4038 sednon
306 3995 334 4040 at
351 3999 487 4056 caperetur
506 3995 560 4043 ciue
576 3995 688 4062 inperita.
708 3995 811 4045 nimium
833 3996 858 4044 in
878 3996 1040 4048 moderandis
1061 3999 1170 4052 aliorum

175 4082 287 4145 ingentis
313 4098 344 4134 ac
369 4083 459 4140 studiis
489 4086 605 4139 Senecae
630 4091 773 4158 potentiam
796 4089 969 4155 Quintilianus
996 4091 1097 4146 deman
1125 4095 1168 4148 in-

177 4173 260 4247 tregit.
