3058 5026
396 578 438 639 94
811 587 968 654 Ocrnvmr

395 759 552 828 Hominum
574 770 604 824 et
625 773 748 827 cruenta
771 770 866 830 caede
888 770 1015 848 pollutas
1037 774 1142 835 manus

393 867 521 929 Astraea
543 870 645 951 virgo,
666 873 795 936 siderum
818 893 958 956 magnum
981 877 1083 941 decus.

293 971 299 982 ’
395 973 514 1052 Cupido·
530 976 599 1038 belii
626 981 721 1041 erevit
741 988 828 1062 atque
848 985 912 1045 auri
933 984 1039 1046 sames.

392 1083 496 1144 Totum
522 1103 576 1163 per
598 1087 701 1148 orbem
722 1093 880 1154 maximnm
902 1100 1038 1168 exortum
1061 1100 1107 1155 est
1126 1095 1271 1184 malum„
1403 1105 1461 1168 425

391 1190 539 1268 Luxuria,
562 1195 654 1272 pestis
677 1195 806 1272 blanda3
829 1201 877 1259 eui
897 1201 979 1260 vires
1002 1200 1086 1263 dedit
1374 1209 1379 1214 “

391 1297 553 1376 Roburque
575 1299 697 1380 longum
719 1308 833 1382 tempus
858 1311 946 1385 etune
969 1322 1056 1368 error
1075 1309 1187 1388 gravis.
1235 1387 1240 1394 Ι

288 1455 293 1467 .
393 1403 525 1464 Colieeta
547 1404 617 1464 vitia
642 1423 696 1484 per
720 1411 762 1468 tot
787 1415 901 1470 aetates
923 1409 973 1471 diu
1212 1483 1221 1493 ,

392 1507 425 1568 ln
448 1526 505 1569 nos
526 1509 713 1588 redundant3
735 1515 861 1576 saeculo·
879 1518 1039 1594 premimur
1061 1519 1165 1598 gravi,

394 1614 459 1688 Quo
480 1617 604 1681 sceiera‘
616 1625 762 1698 regnant,
782 1624 878 1683 saevit
897 1622 1033 1709 impietas
1053 1624 1174 1704 mens,

392 1722 483 1803 Turpi
504 1723 598 1786 libido
619 1743 732 1788 venere
754 1729 921 1790 dominatur
940 1737 1070 1810 potens,

392 1829 522 1891 Luxuria
543 1832 653 1892 victrix
675 1833 759 1894 orbis
783 1835 944 1896 immensas
965 1851 1040 1914 opes

393 1934 455 1995 lam
480 1935 595 2015 pridem
617 1940 717 2000 avaris
737 1939 894 2018 munione,
916 1946 948 2002 ut
968 1941 1097 2021 perdat,
1119 1943 1204 2024 rapit.

330 2057 332 2062 ·
394 2041 454 2105 Sed
477 2060 551 2104 ecee
569 2062 679 2125 gressu
701 2047 795 2108 t'ertur
814 2050 939 2110 attonito
962 2049 1060 2126 Nero,
1099 2055 1104 2059 ’

394 2148 542 2231 'trucique
564 2153 654 2214 vultu.
698 2153 775 2226 Quid
797 2153 888 2232 ferat,
909 2161 1009 2216 mente
1029 2156 1153 2218 horreo.
1234 2215 1237 2223 ,
1332 2135 1338 2148 '

794 2261 944 2322 ·..Nero

184 2375 370 2483 ιιῷᾞιὲιῃὲξιιὲ-
396 2361 512 2444 Perage
534 2365 696 2444 imperata;
719 2363 802 2428 mitte
813 2368 897 2446 ,qui
922 2367 1014 2428 Plauti
1035 2366 1107 2430 mihi

186 2547 210 2584 et
225 2543 321 2585 Cornelii
335 2541 385 2584 Sul-

185 2597 221 2639 ιιι
240 2599 349 2640 iuuenem
565 2641 566 2644 ,
761 2583 832 2644 Pra
845 2601 862 2644 e
873 2582 888 2643 f
892 2589 1012 2645 ectus

186 2653 362 2705 (recrearunt.

185 2707 280 2764 xmo
293 2710 386 2756 χιιιι
398 2682 481 2747 Iussa
501 2685 581 2749 haud
597 2690 756 2768 morabor,
783 2697 881 2752 castra
902 2691 1061 2752 confestim
1085 2695 1193 2770 petam.

404 2936 501 2981 422
531 2945 553 2984 et
568 2940 629 2982 deest
647 2939 760 2984 codicibus
779 2941 901 2996 plerisque,
926 2953 972 2984 non
988 2939 1139 2985 Ultraiectino
1167 2941 1269 2984 Heinsius
1284 2951 1313 2984 ae
1328 2950 1386 2982 com-

453 3014 571 3094 mandavit

465 3241 561 3292 430-
573 3239 634 3292 433.
671 3241 736 3291 haee
761 3243 882 3292 universe
906 3242 1009 3308 quidem
1036 3241 1068 3291 de
1093 3243 1171 3291 totius
1200 3240 1297 3291 saeculi
1317 3241 1386 3292 vitiis

395 3314 542 3401 conscripta
559 3342 638 3400 sunt,
668 3335 715 3388 sed
738 3337 773 3388 ita
794 3335 951 3400 conformata
979 3343 1007 3386 ut
1026 3335 1102 3386 simul
1122 3335 1197 3385 aulae
1223 3335 1387 3417 Neronianae

395 3431 496 3496 potiora
514 3429 611 3497 flagitia
628 3439 757 3482 notentur.
801 3446 859 3481 nam
879 3429 959 3481 verba
977 3446 1024 3498 quo
1048 3429 1149 3480 seelera
1175 3439 1286 3498 reprcunt
1303 3430 1388 3494 respi-

395 3525 467 3574 ciunt
482 3523 592 3574 Neronis
610 3524 782 3592 Tigellinique
799 3527 940 3592 potentiam
957 3525 1057 3576 nefarie
1075 3525 1222 3586 exercitam,
1240 3526 1321 3575 euenit
1336 3525 1387 3573 im-

391 3617 477 3682 pietas
494 3617 584 3682 sarens
602 3612 736 3667 Claudium
757 3633 773 3667 a
793 3619 904 3684 coniuge
922 3627 1053 3694 necatum,
1080 3617 1254 3668 Britannicum
1272 3633 1287 3666 a
1308 3617 1387 3668 fratre

394 3708 497 3762 Nerone
514 3725 617 3761 veneno
635 3709 780 3774 sublatum,
807 3719 913 3762 matrem
931 3711 1033 3762 tandem
1055 3710 1087 3760 ab
1106 3710 1198 3762 eodem
1214 3709 1386 3774 interfectam,

185 2487 281 2528 nauem
298 2486 370 2528 enm
397 2469 556 2552 sitneque
579 2474 662 2535 caesi
683 2473 795 2537 reserat
816 2475 984 2537 abscissum
1006 2481 1106 2554 caput.

392 3808 476 3873 turpis
489 3823 568 3858 venue
588 3808 768 3858 commercium
785 3809 878 3858 amoris
898 3823 913 3856 a
931 3807 1051 3874 Poppaea
1070 3815 1096 3856 et
1106 3807 1234 3858 Nerone
1227 3821 1278 3856 ram
1295 3805 1402 3854 initum

396 3906 423 3948 et
441 3913 500 3948 mox
520 3899 546 3948 in
568 3901 671 3965 nuptias
686 3916 831 3964 evasurum,
854 3901 959 3952 lutearia
975 3901 1069 3952 uictrix
1086 3899 1150 3950 illud
1164 3901 1249 3950 omnia
1261 3897 1385 3964 perdendi

395 3991 515 4056 studium,
535 3991 604 4058 quod
622 3993 765 4060 imperante
783 3993 911 4044 Nerone
903 4008 1055 4046 immensum
1075 3999 1239 4060 proruperat3
1261 4004 1286 4038 v
1306 3987 1384 4037 Tacit.

393 4085 459 4137 dnn.
479 4085 524 4138 XV
541 4087 584 4138 37.

463 4210 530 4264 438.ι
560 4216 631 4266 iusso
647 4215 717 4266 duod
733 4216 871 4267 morabor:
894 4230 945 4266 non
969 4211 1048 4264 multo
1069 4219 1128 4262 ante
1153 4223 1228 4276 quam
1249 4206 1324 4275 pulsa
1343 4215 1382 4276 eet
