3078 5016
391 577 446 640 XX
557 595 563 608 ‘
776 579 992 644 Parernrroms

389 758 508 822 tabulae
529 763 674 838 saraptam
699 776 769 822 esse
798 768 867 823 anta
887 760 1038 841 vidimus,
1075 760 1211 822 Vatinius
1234 760 1383 825 obscurus

390 867 444 927 luit
467 873 497 926 et
517 866 647 946 ignotas.
704 866 833 930 Emersit
862 885 901 930 ex
925 870 1066 933 sordibus
1096 874 1126 930 et
1157 868 1291 930 tenebris
1321 872 1385 932 suis

387 973 478 1034 horno
502 973 620 1036 detorto
637 991 767 1053 corpore
786 976 965 1056 conspicuus
980 976 1171 1056 moribusque
1188 974 1306 1048 insumis
1328 975 1387 1038 de·
1451 985 1454 990 ’

390 1100 467 1142 aarum
490 1081 545 1144 sub
572 1083 738 1160 principatu
760 1083 888 1146 Neronis
918 1101 1118 1165 magnamque
1139 1083 1304 1162 potentiam
1326 1101 1388 1163 po-

392 1189 512 1252 stremis
536 1190 621 1249 annis
644 1188 708 1248 eius
731 1189 920 1268 imperatoris
943 1198 1049 1252 nactus
1072 1196 1126 1254 est.
1171 1189 1220 1251 Ad
1242 1207 1386 1252 summum

391 1295 542 1374 fastigium
563 1294 747 1371 imperatorii
771 1293 885 1358 fauoris
907 1304 1030 1360 evectus
1049 1299 1108 1358 iam
1130 1302 1195 1359 erat
1216 1313 1296 1356 anno
1320 1302 1389 1375 post

389 1399 536 1460 Christum
560 1406 661 1460 nutum
684 1401 876 1482 sexagesimo
900 1409 1018 1481 quarto,
1042 1403 1072 1462 in
1096 1403 1179 1463 cuins
1203 1402 1294 1465 rebus
1319 1410 1385 1464 tra·

392 1505 499 1568 dendis
522 1506 630 1568 Vatinii
652 1509 833 1568 mentionem
852 1507 973 1570 Tacitus
1003 1508 1034 1570 in
1063 1507 1142 1570 huno
1173 1509 1293 1572 modum
1316 1508 1389 1572 lecit

311 1681 314 1686 ,
369 1614 468 1704 ¹Ann
479 1613 533 1674 XV
544 1609 605 1674 34:
633 1612 767 1673 Vatinius
790 1613 1055 1693 interfoedissirua
1075 1619 1140 1675 eius
1163 1616 1254 1677 aulae
1268 1622 1390 1677 'ostenta

387 1722 456 1802 snit,
480 1721 619 1782 sutrinae
647 1711 793 1783 tabernae
813 1723 973 1800 alumnus,
1004 1741 1134 1801 corporo
1156 1723 1281 1801 detorto,
1301 1725 1391 1802 [aaa

389 1830 440 1890 tiis
463 1828 656 1906 scurrilibus,
675 1830 776 1909 primo
797 1831 829 1890 in
850 1833 1045 1894 contumelias
1065 1833 1262 1910 adsumptus;
1283 1832 1390 1893 debinc

390 1936 494 2014 optimi
516 1936 660 2013 cariusque
681 1934 889 1996 criminatione
909 1953 943 1996 eo
965 1954 1060 2014 usque
1080 1937 1194 2014 ualuit,
1228 1942 1262 1996 nt
1279 1935 1392 2015 pratia,

388 2043 541 2122 pecuaria,
571 2041 604 2102 oi
629 2043 757 2103 nocendi
779 2042 870 2103 etium
897 2043 993 2104 molor
1013 2043 1227 2122 praemineret.
1270 2041 1317 2102 Ex
1337 2060 1394 2104 su-

394 2152 491 2211 trinae
518 2149 662 2210 tabemae
683 2146 824 2210 sordibus
847 2156 1017 2228 protractus
1039 2157 1068 2210 et
1091 2151 1169 2211 inter
1180 2150 1319 2211 Caesaris
1343 2150 1393 2209 la-

392 2257 525 2318 miliares
547 2263 687 2336 receptus
718 2255 792 2317 nibil
820 2259 984 2336 promptius
1012 2259 1075 2338 egit
1104 2275 1190 2337 quani
1219 2263 1250 2318 ut
1272 2255 1391 2317 nobiles

395 2364 553 2442 (optionem
571 2372 730 2442 quemque)
761 2381 797 2426 ac
826 2366 970 2428 senatorii
1000 2366 1115 2428 ordinis
1143 2364 1281 2426 homiues
1311 2361 1390 2442 apud

396 2472 561 2552 principem
585 2471 801 2538 criminaretur.
855 2471 904 2534 Ad
928 2473 1007 2534 hune
1037 2474 1133 2552 ipsum
1157 2469 1320 2534 identidem
1343 2467 1393 2530 di-

396 2598 468 2644 cere
490 2580 595 2642 sollius
614 2586 662 2639 esi
681 2580 767 2658 μισῶ
787 2600 832 2656 σε,
858 2581 1007 2658 Καῖσαρ,
1031 2574 1079 2642 ὅτι
1100 2573 1302 2658 συγκλητικὸς
1321 2584 1395 2649 (or-

294 2755 297 2760 ,
397 2687 476 2748 dinis
509 2686 682 2762 senatoria·
702 2680 741 2748 εἶ.
802 2683 867 2746 Vid.
891 2685 948 2746 Dio
982 2684 1059 2762 apud
1086 2685 1196 2764 Xipbil.
1230 2683 1322 2745 LXlll
1346 2683 1394 2744 15.

396 2789 552 2856 Eiusmodi
574 2788 694 2849 facetiis
717 2787 891 2849 scurrilibus
913 2804 974 2848 non
997 2787 1092 2850 solum
1124 2789 1200 2848 alios
1233 2787 1311 2866 apud
1330 2788 1396 2849 Ne-

399 2915 505 2961 ronem
527 2898 690 2958 insectatus
711 2904 769 2972 est,
791 2896 845 2957 sed
869 2895 958 2956 etiam
983 2895 1147 2957 studiorum
1170 2913 1280 2972 saera,
1314 2895 1345 2956 h.
1367 2910 1397 2955 e.

401 3024 505 3068 ueram
527 3005 690 3066 carminum
714 3011 827 3080 artata,
849 3001 984 3065 blaterno
1006 3002 1168 3081 profanare
1191 3005 1249 3065 iste
1270 3001 1400 3063 videba-

345 3091 349 3102 “
405 3119 460 3174 tur.
504 3112 605 3192 ltaque
630 3112 740 3192 duplici
772 3114 810 3173 de
833 3129 923 3173 causa
954 3119 1044 3191 poeta
1077 3112 1176 3173 audax
1199 3119 1229 3172 et
1250 3112 1399 3190 ingenuus

406 3219 554 3279 Vatinium
578 3235 617 3276 ex
639 3218 753 3296 ingenti
774 3218 970 3296 pessimorum
1001 3215 1162 3278 aulicorum
1184 3232 1309 3278 nurnero
1333 3215 1401 3276 ele-

405 3325 475 3406 git,
506 3323 535 3383 in
558 3338 645 3403 quem
676 3342 737 3386 non
761 3329 845 3384 reeta
875 3325 924 3384 via
955 3322 1010 3384 sed
1043 3339 1083 3384 ex
1110 3323 1231 3404 obliquo
1257 3324 1397 3402 impetum

407 3451 492 3494 suum
517 3432 670 3512 dirigeret.
716 3429 803 3503 Quod
824 3428 881 3524 bac
906 3427 970 3489 lere
992 3427 1041 3488 via
1064 3429 1228 3490 instituisse
1252 3426 1400 3490 videatur.

406 3535 544 3598 Notarius
578 3535 698 3614 quidam
720 3536 858 3598 Valeriae
882 3537 1063 3600 Messalinae
1084 3537 1244 3608 adulator,
1280 3535 1401 3597 detorto

406 3657 536 3723 corpore
558 3641 736 3722 facetiisque
755 3642 929 3705 scurrilibus
951 3645 1097 3724 insignis,
1126 3641 1401 3704 libidinosissimum

405 3750 561 3812 mulierem
595 3751 699 3830 gravis
725 3750 850 3830 periculi
881 3751 1056 3827 admonuit,
1086 3747 1167 3830 quod
1198 3749 1255 3830 ipsi
1277 3749 1398 3827 filioque

408 3855 581 3917 Britannico
605 3875 623 3916 a
647 3858 790 3936 Domitio,
811 3857 995 3938 Agrippinae
1014 3857 1074 3918 lilio
1100 3863 1131 3917 et
1152 3856 1320 3919 Germanici
1343 3870 1403 3914 ne-

408 3969 501 4043 pote,
523 3961 598 4024 dore
620 3962 783 4026 nobilitatis
806 3971 836 4026 et
855 3965 955 4044 populi
976 3965 1103 4028 Romani
1126 3962 1242 4024 deliciis
1264 3960 1405 4042 immine-

408 4081 465 4134 ret.
507 4072 621 4134 Monuit
640 4078 750 4152 quanta
779 4079 862 4134 esset
890 4071 1054 4134 nobilitatis
1083 4076 1114 4130 et
1141 4069 1280 4147 antiquae
1303 4068 1403 4146 gentis
1520 4143 1521 4162 ἓ

410 4178 488 4258 apud
509 4181 625 4242 animos
650 4177 803 4244 hominum
823 4180 891 4257 vis,
925 4177 995 4258 quid
1023 4175 1138 4238 valeret
1165 4173 1243 4254 apud
1263 4173 1402 4256 populum
1510 4245 1520 4263 ,
