3078 5016
370 505 408 568 vl
759 504 974 568 Pnnerrrroms

371 683 558 747 semovenda
583 684 694 765 putavi.
736 683 801 747 Una
823 692 921 749 aulem
943 683 1015 806 illa,
1042 701 1129 765 quarn
1155 685 1282 747 Annaeo
1304 685 1363 748 Se-

371 898 418 958 vis
439 897 549 957 ceteris
570 897 600 956 vi
622 914 659 958 ac
673 897 783 958 virtute
804 897 920 978 tragica
942 896 1059 977 paulo
1051 915 1081 957 m
1084 897 1188 972 ferior,
1204 895 1275 956 mibi
1296 903 1363 956 lunc

372 1003 510 1064 omnibus
533 1003 598 1062 aliis
621 1002 746 1082 gravior
766 1003 830 1063 visa
853 1009 919 1063 est:
942 1003 1049 1082 quippe
1073 1019 1149 1082 quae
1162 1003 1281 1064 Tacitus
1305 1009 1363 1062 turn

372 1110 403 1170 in
425 1109 490 1170 aliis
511 1109 671 1170 Annalium
692 1108 776 1171 libris
806 1116 865 1172 tam
894 1111 925 1170 in
952 1117 1057 1189 quarto
1077 1111 1198 1170 decimo
1220 1109 1363 1186 narravit,

372 1215 478 1275 eadem
499 1215 536 1274 ab
559 1214 644 1276 buius
667 1213 786 1276 fabulae
808 1216 970 1295 scriptore
987 1221 1152 1278 tranantur
1181 1221 1210 1276 et
1233 1217 1274 1276 ita
1295 1216 1364 1294 qui-

372 1319 441 1380 dem
464 1327 662 1399 exponuntur,
683 1328 715 1383 ιιι
736 1322 919 1403 diligentiam
934 1323 998 1384 eius
1013 1323 1043 1383 in
1059 1321 1150 1382 rebu's
1171 1321 1265 1402 gestis
1288 1338 1364 1382 con.

370 1425 526 1504 signandis
545 1431 576 1486 et
595 1425 683 1504 plane
707 1417 895 1506 dilucideque
926 1427 1110 1506 explicandis
1141 1427 1228 1488 lacile
1251 1427 1364 1506 adpro-

370 1533 487 1594 bemus
522 1533 605 1605 Quae
627 1534 725 1594 omnia
746 1541 779 1595 ut
798 1541 951 1596 accurate
962 1533 1142 1613 dispicerem
1165 1540 1195 1594 et
1219 1551 1286 1594 cum
1302 1533 1362 1592 'la-

368 1639 472 1700 oitinis
492 1640 682 1716 conferrem,
715 1642 816 1720 operis
846 1644 906 1702 mei
935 1643 1127 1722 susceptique
1149 1640 1263 1702 laboris
1285 1641 1362 1700 ratio

369 1747 549 1826 postulabat.
593 1745 663 1805 ltlox
683 1747 754 1805 veni
774 1747 812 1806 ad
835 1749 994 1827 Dialogum
1017 1749 1054 1808 de
1078 1748 1271 1823 Oratoribus,
1293 1747 1363 1807 olim

372 1853 476 1912 'lecito
499 1857 611 1911 temere
632 1850 891 1928 abiudicalum,'
883 1871 942 1913 ram
965 1871 983 1912 a
1005 1853 1155 1932 plerisque
1178 1853 1289 1913 criticis
1309 1870 1367 1912 au-

374 1957 452 2018 ctori
474 1971 529 2016 suo
561 1960 645 2018 reete
676 1957 862 2036 restitutum,
890 1957 993 2038 ibique
1025 1960 1131 2022 nescio
1154 1961 1305 2038 quomodo
1327 1959 1366 2020 ad

373 2063 531 2124 Octaviam
552 2062 693 2124 reductus
718 2081 782 2126 sum
805 2071 835 2125 et
854 2081 959 2126 verum
991 2067 1056 2126 eius
1077 2073 1231 2128 auctorem
1255 2067 1365 2128 auxilio

374 2171 557 2232 Corneliano
579 2171 698 2232 tandem
716 2187 755 2232 ex
765 2173 901 2234 tenebris
919 2175 981 2235 suis
993 2171 1170 2253 protrahere
1189 2191 1281 2253 posse
1294 2172 1366 2234 mibi

375 2277 510 2338 videbar.
538 2275 612 2336 lnde
632 2273 691 2336 boc
710 2275 853 2355 quidquid
873 2283 920 2338 est
941 2277 1033 2338 libelli
1046 2279 1249 2359 Octaviaeque
1270 2279 1369 2339 eden-

375 2385 434 2447 dae
457 2387 597 2465 notisque
620 2383 813 2446 instruendae
835 2386 992 2448 consilium
1014 2393 1115 2449 natum
1135 2403 1221 2463 esse,
1246 2385 1293 2463 ld,
1317 2385 1367 2446 le-

374 2499 442 2555 ctor
463 2489 615 2579 beniuole,
637 2497 668 2552 te
691 2491 770 2552 scire
793 2491 883 2552 volui.
936 2491 1050 2553 Sedet
1073 2497 1134 2554 tota
1157 2492 1293 2572 quaestio
1317 2490 1365 2550 via

376 2617 414 2662 ac
435 2601 553 2661 ratione
574 2598 749 2678 explicetur,
772 2574 812 2658 ab
828 2597 913 2659 initio
934 2597 1097 2661 ordiemur

406 2843 434 2910 l
477 2843 617 2908 Octavia
638 2841 772 2909 Annaeo
793 2843 943 2910 Senecae
962 2863 1137 2930 perperam
1157 2810 1339 2928 adscripta.

350 3035 358 3050 ⁴
464 3023 610 3084 Octaviae
632 3024 751 3086 fabulae
773 3033 927 3088 auctorem
953 3026 984 3087 in
1015 3026 1153 3088 omnihus
1176 3027 1260 3087 libris
1282 3042 1372 3085 manu

381 3129 518 3208 scriptis,
547 3137 674 3207 excepto
700 3132 901 3192 vetustissimo
923 3132 1095 3214 Florentino
1119 3134 1166 3192 cui
1191 3138 1251 3191 tota
1277 3126 1372 3207 deest,

376 3233 523 3296 Senecam
545 3233 753 3318 philosophum
774 3233 850 3296 falso
871 3235 1023 3316 perhiberi
1052 3236 1186 3316 plerique
1209 3237 1265 3296 viri
1289 3217 1370 3330 docti

376 3342 592 3420 consentiunt,
624 3339 789 3403 rationibus
817 3348 919 3404 tamen
944 3343 1120 3423 significatis
1150 3321 1250 3423 polius
1282 3323 1370 3421 quam

376 3447 506 3508 dilucide
529 3454 561 3508 et
583 3456 651 3528 apte
673 3450 712 3511 ad
731 3449 971 3530 persuadendum
994 3447 1149 3528 expositis.
1179 3450 1269 3512 Nos'
1262 3467 1291 3510 m
1311 3449 1369 3510 lrao

375 3554 552 3633 quaestione
574 3553 654 3616 baud
672 3559 904 3634 provocabimus
934 3556 972 3616 ad
998 3557 1152 3635 ingenium
1171 3555 1258 3618 baius
1279 3555 1370 3618 fabu-

376 3659 424 3740 lae
447 3677 465 3720 ι
488 3661 596 3721 celeus
609 3661 745 3723 Senecae
767 3663 932 3750 tragoediis
955 3661 1126 3754 diversum:
1146 3679 1215 3748 nam
1238 3664 1268 3724 in
1287 3665 1372 3725 eius-

378 3765 461 3826 modi
490 3767 582 3829 rebus
614 3768 767 3832 hominum
796 3769 907 3831 iudicia
936 3771 1024 3832 nimis
1053 3771 1137 3832 varia
1173 3740 1371 3850 reperiuntur

381 3861 468 3952 quam
492 3879 524 3934 ιιι
547 3877 629 3935 certa
653 3882 683 3935 et
703 3877 786 3938 lrrma
801 3879 963 3938 consensio
985 3875 1054 3938 inde
1074 3876 1151 3937 effici
1170 3877 1285 3954 posslt3
1303 3873 1373 3934 dein

381 3979 437 4056 ipsi
462 3979 540 4041 bene
563 3981 673 4044 scimus
695 3982 732 4042 ab
760 3982 856 4044 isdem
885 3981 1056 4046 bominibus
1080 3979 1206 4042 diversis
1230 3978 1373 4056 tempori-

383 4083 440 4146 bus
460 4087 617 4165 procreari
639 4091 861 4154 monumenta
852 4091 967 4174 mgenii
989 4090 1097 4154 virtue
1119 4092 1149 4150 el
1171 4091 1276 4148 nalum
1295 4083 1376 4148 mul
