3058 5026
366 548 406 610 22
786 545 944 608 Ocrnvrnn

367 727 487 789 Gaeiurn
513 729 619 790 intueri
641 728 714 789 solis
739 733 769 788 et
789 745 896 790 nursns
913 743 1038 804 sacros,

369 831 540 911 [Mundique
563 839 676 909 πιοΙυε,
698 832 771 895 salis
793 834 924 894 alternas
949 835 1063 910 vioes‚]

368 939 538 1018 Orbenrqna
559 940 715 1018 Phoebes,
737 949 817 1004 astra
840 960 927 1021 quern
950 942 1073 1022 cingunt
1094 959 1191 1023 vaga,

305 1117 306 1122 γ
366 1046 499 1126 iateque
521 1048 638 1128 litigans
660 1049 791 1111 aetheris
811 1051 911 1130 magni
934 1049 1037 1112 dacus,
1232 1087 1254 1158 ὃ

368 1155 425 1227 Qui
446 1156 473 1216 si
494 1157 626 1218 senescit
648 1162 746 1217 tantus
768 1157 798 1216 in
823 1173 947 1218 caecum
973 1157 1067 1218 chaos

369 1259 499 1320 Casurus
522 1261 644 1334 iterum,
667 1267 737 1321 tuna
758 1260 844 1322 adest
863 1260 973 1322 mundo
996 1262 1062 1322 dies

368 1363 529 1443 supremus
551 1365 620 1440 iiie,
643 1365 693 1444 qui
715 1373 829 1444 premat
849 1382 946 1446 genus
970 1366 1090 1445 inpium

370 1470 451 1531 Caeli
475 1470 575 1548 ruina,
598 1489 700 1534 rursus
721 1479 752 1534 ut
773 1474 894 1554 stirpem
917 1489 1025 1535 novam

370 1577 502 1638 Generet
521 1595 688 1645 renascens
708 1581 833 1652 nreiior,
857 1587 888 1642 ut
910 1584 1059 1660 quondam
1080 1582 1143 1644 tulit
1194 1605 1197 1612 ⁴

369 1685 510 1768 luvanis‘‚
533 1692 653 1749 tenente
676 1705 771 1768 regna
791 1690 920 1752 Saturno
943 1689 1013 1770 poli.

370 1794 453 1854 Tunc
474 1794 522 1856 iiia
543 1797 648 1875 virgo,
669 1796 796 1856 nurninis
818 1797 920 1875 magni
943 1795 1019 1873 dea,
1094 1831 1097 1839 -

371 1899 502 1975 iustitia,
523 1898 609 1960 caelo
630 1900 720 1960 nrissa
745 1916 811 1960 curn
833 1906 937 1978 sancta
958 1895 1052 1974 Fide,

341 2012 345 2016 ’
371 2005 479 2067 Terras
500 2005 626 2086 regebat
653 2006 741 2075 rniiis.
782 2006 947 2068 Humanum
970 2025 1067 2088 ganas

372 2115 439 2177 Non
461 2113 538 2174 belia
554 2120 660 2190 norat,
679 2132 739 2176 non
761 2116 850 2176 tabae
873 2115 1006 2178 fremitus
1027 2121 1144 2192 truces3
1193 2143 1194 2146 ¹

371 2219 439 2282 Non
462 2237 544 2281 anna
564 2229 671 2302 gentes
691 2224 815 2302 cingere
837 2231 994 2311 assuerant
1014 2224 1090 2300 sibi,

372 2327 464 2389 Muris
488 2346 545 2390 nec
566 2328 680 2390 urbest
711 2329 845 2390 Perviunr
868 2331 985 2391 cunctis
1005 2332 1081 2407 iter,

375 2435 547 2498 Communis
567 2453 638 2496 usus
662 2437 791 2498 ornniurn
814 2453 914 2497 rerurn
937 2436 999 2498 snit.

375 2543 412 2606 Et
434 2544 498 2625 ipsa
522 2543 608 2607 telius
626 2543 705 2607 laeta
727 2523 875 2606 ieaundos
895 2547 979 2606 sinus

433 2751 482 2794 391.
511 2755 575 2805 tuac]
589 2754 700 2803 legebatur
715 2767 782 2797 nunc.
852 2765 854 2770 ·
897 2752 945 2796 398.
974 2754 1131 2796 Uitratecttnus
1146 2753 1221 2796 Bothii
1246 2760 1317 2802 terra,
1343 2757 1368 2794 ut

435 2836 515 2874 terram
530 2829 597 2872 inisse
612 2833 724 2878 coniicias.
752 2831 808 2872 idern
825 2829 866 2874 399
882 2837 971 2874 norant.
1051 2831 1099 2877 400.
1129 2835 1184 2887 sttr']
1201 2835 1288 2876 codices
1305 2843 1369 2875 raas.

448 3034 510 3087 387.
545 3035 681 3100 mandique
698 3044 796 3100 motus,
823 3033 883 3085 solis
909 3034 1025 3086 alternas
1042 3035 1126 3086 vices:
1158 3034 1223 3085 haec
1240 3033 1303 3085 nihil
1323 3033 1372 3084 nisi

379 3129 482 3178 inanem
505 3129 665 3194 periphrasin
682 3143 803 3179 versuunr
824 3128 876 3179 386
897 3136 923 3178 et
940 3127 993 3180 388
1011 3136 1037 3178 et
1056 3129 1108 3180 389
1129 3128 1276 3177 continent:
1296 3143 1373 3177 man-

381 3222 427 3272 das
445 3223 512 3270 eninr
529 3221 597 3270 idern
617 3229 656 3271 ert
675 3220 743 3286 quod
768 3220 867 3270 caelant
886 3235 912 3270 v.
930 3220 983 3271 386
1000 3221 1056 3270 sive
1078 3220 1139 3269 luna
1163 3219 1244 3288 (orbis
1262 3219 1373 3270 Phoebes

380 3328 405 3365 v.
419 3313 483 3383 388)
507 3324 534 3366 et
552 3322 619 3365 astra
639 3301 665 3365 at
682 3313 794 3365 aetheris
811 3315 898 3382 mayai
916 3313 992 3364 deeras
1011 3328 1036 3363 v.
1056 3313 1126 3376 389,
1155 3327 1185 3364 ac
1211 3312 1273 3364 sniis
1291 3313 1374 3364 alter-

380 3428 432 3464 nas
448 3412 516 3462 nicer
541 3417 601 3461 sunt
617 3410 690 3460 sacri
706 3409 767 3460 solis
788 3426 876 3460 cursus
894 3407 970 3458 modo
988 3407 1130 3460 memorati.
1177 3420 1319 3474 quaecum
1339 3407 1374 3457 ita

380 3506 450 3566 sint,
481 3505 589 3568 primurn
617 3518 632 3552 a
659 3503 812 3569 corrigendo
837 3511 897 3553 ante
925 3499 1010 3553 omnia
1029 3483 1206 3562 abstinendunr
1226 3517 1286 3552 esse
1304 3501 1375 3550 iudi-

383 3597 457 3660 cavi,
477 3612 511 3646 ne
529 3596 642 3648 Maurum
664 3596 752 3646 lavare
774 3595 844 3646 velie
863 3596 965 3658 videar,
986 3603 1038 3646 tunr
1060 3595 1172 3646 insiticia
1198 3608 1246 3645 suo
1265 3593 1374 3658 auctori,

291 3667 295 3674 Ι
383 3693 408 3743 ir.
425 3708 448 3742 a.
477 3691 581 3742 serioris
599 3691 689 3740 aetatis
710 3690 868 3752 enarratori,
893 3689 1024 3742 reddenda
1047 3689 1145 3754 putavi.
1182 3703 1229 3755 per
1248 3689 1300 3740 late
1317 3689 1373 3756 fal-

382 3803 445 3855 9ens
465 3777 577 3851 astiteris
594 3786 683 3854 mayai
702 3785 778 3841 decas
796 3797 847 3834 non
860 3783 907 3848 sol,
927 3783 959 3834 de
973 3798 1024 3850 (ruo
1038 3799 1063 3838 v.
1077 3783 1130 3836 386
1148 3785 1199 3836 iam
1217 3784 1376 3845 dictumest,

383 3881 548 3948 designatur,
577 3879 623 3930 sed
640 3880 724 3949 ipsum
745 3863 857 3930 aetianis
875 3893 969 3930 nornen
987 3878 1026 3929 his
1040 3879 1133 3935 ,verbis
1156 3879 1259 3948 poetica
1276 3876 1373 3928 dilata·
1411 3931 1415 3940 ,

383 3985 435 4028 turn
451 3986 497 4028 est.
532 3978 619 4043 itaque
637 3983 707 4026 recta
726 3975 811 4049 plangit
830 3975 873 4040 qui
889 3975 912 4024 si
929 3981 977 4025 cet

452 4069 602 4128 890--394,
638 4071 682 4136 qui
698 4069 723 4122 si
737 4069 846 4120 senescit
867 4099 899 4109 -
920 4083 1061 4120 renascens
1077 4065 1186 4117 metior:
1215 4063 1314 4134 Seneca
1330 4077 1375 4112 se-

383 4176 440 4213 curn
461 4171 582 4229 reputans
605 4165 702 4216 sensim
721 4179 752 4215 eo
770 4163 918 4226 adducitur*
932 4170 961 4214 ut
981 4161 1075 4230 δόγμα
1096 4157 1223 4226 quoddam
1239 4172 1271 4208 ex
1289 4155 1375 4223 piaci-
