3058 5026
450 557 525 618 Aer.
542 557 588 618 lV.
612 557 698 619 Vens.
712 555 885 620 tuo-784.

312 739 438 800 Taurum
462 748 548 822 tergo
569 749 706 822 portasse
729 749 861 817 trucem,
911 783 913 786 -

313 832 397 921 Ouiae
419 849 497 930 regit
518 856 548 911 ct
569 869 647 912 nunc
670 849 790 911 deseret
810 855 909 926 astru,

313 955 394 1014 Pelet
413 957 585 1035 cinniorum,
605 958 757 1036 Poppaea,
779 964 866 1030 luoS‚

314 1064 396 1134 eros
419 1069 448 1123 ct
469 1063 568 1122 Leriue
592 1063 746 1142 praeferre
766 1071 866 1142 potest

313 1168 349 1227 Et
370 1168 438 1245 tibi,
459 1170 609 1248 quondum
632 1172 678 1232 eui
700 1171 817 1232 rnironti

313 1275 419 1353 Fulvo,
435 1251 559 1353 Danai,
583 1277 668 1339 lluxit
690 1278 720 1338 in
743 1295 828 1356 auro.

312 1382 449 1442 Fonnurn
467 1383 576 1463 'Sparte
599 1386 689 1446 luctet
711 1385 847 1445 alumnae

310 1488 395 1549 Licct
417 1496 447 1548 et
468 1490 765 1570 l’lrrygius''prcerniu
792 1497 910 1568 pastor,

289 1609 291 1616 ’
313 1594 419 1655 Vincet
440 1595 535 1655 vultus
558 1594 633 1656 lruce
653 1593 856 1674 'frollandus

311 1703 368 1774 Qui
388 1708 545 1762 rnororunt
565 1699 685 1762 horrida
710 1699 786 1760 bellu

311 1809 517 1888 Phrygiaeque
538 1807 604 1868 solo
628 1825 721 1887 regnu
745 1806 868 1867 derlerc.

312 1915 370 1976 Serl
392 1917 457 1995 quis
478 1930 585 1994 gressu
607 1915 664 1977 ruit
688 1915 813 1976 attonito

310 2021 369 2081 Aut
390 2023 460 2100 quid
482 2029 606 2101 pectore
625 2028 723 2101 portat
744 2021 877 2081 anhelo?

591 2129 775 2190 Nuufius'
855 2161 858 2167 ·

115 2234 363 2317 truculentique
386 2237 472 2297 lectis
497 2212 581 2296 rnilcs
604 2235 732 2297 excubat
754 2234 856 2312 dunc,
1026 2263 1032 2275 ·
1088 2229 1099 2297 .'
1194 2207 1379 2306 fflffimrffln

189 2343 338 2404 Dclcndut
362 2343 474 2419 arrian,
497 2343 543 2404 cui
569 2343 659 2405 l'uror·
676 2343 775 2422 populi
797 2343 939 2402 imminet.
1062 2355 1064 2360 '
1194 2321 1374 2417 mmm
1403 2323 1407 2333 ι

188 2452 307 2530 'lrepirli
327 2453 487 2526 cohortes,
510 2469 604 2525 ecce,
626 2452 771 2530 preelecti
794 2449 913 2510 trahunt
1193 2433 1394 2540 'flssffiflefflm

187 2559 339 2620 Praesidio
359 2559 396 2620 ud
419 2560 516 2634 urbis,
538 2560 617 2620 viclo
642 2577 701 2620 nec
722 2557 802 2618 cellit
820 2563 901 2618 nrclu
1076 2585 1079 2594 ¹
1193 2553 1223 2638 ἓξ
1237 2545 1380 2640 ἳζξηᾞζ

187 2667 338 2747 conceptu
360 2667 467 2728 rabies·
485 2672 616 2742 tencre,
638 2665 692 2726 sed
715 2666 795 2726 vires
819 2663 907 2744 cupit.
1107 2705 1109 2710 .
1193 2652 1250 2696 ΚΝ
1266 2651 1301 2695 0¹·

243 2913 291 2955 780-
321 2915 418 2956 esuribat
432 2913 603 2966 lluplrelcngius:
620 2913 708 2954 codices
723 2917 831 2954 crinitur.

185 3115 299 3182 spicari,
319 3114 368 3163 nisi
387 3128 456 3164 nove
474 3121 576 3180 poetam
596 3113 710 3164 locuturn
734 3126 793 3163 esse
812 3120 929 3174 stultns,
956 3112 1078 3178 seriptum
1099 3111 1181 3162 luisse

106 3247 111 3256 ,
184 3209 253 3278 quod
275 3207 445 3259 coniectando
464 3208 537 3274 posui
560 3217 679 3272 emanet,
704 3207 728 3258 lr.
749 3223 771 3257 c.
792 3207 892 3274 ‹lisllrret
912 3207 967 3257 sire
988 3215 1117 3258 ennescru.
1156 3206 1182 3256 in

183 3303 315 3353 nonnullis
333 3303 445 3370 antiquis
465 3301 620 3352 editionibus
641 3301 743 3368 puerile
763 3309 898 3368 percarum
919 3309 1023 3352 inuocat
1041 3303 1182 3366 comperet,

121 3402 124 3407 “
183 3396 252 3446 uncle
271 3383 415 3447 Gronovius
433 3397 539 3458 mouerit,
557 3396 665 3446 Bothius
684 3396 760 3446 oleat
779 3395 876 3448 elicere
897 3402 1004 3446 conatus
1023 3402 1083 3458 cst,
1103 3393 1181 3444 inlnlo

184 3497 293 3556 uterquc
314 3471 416 3540 innirus
436 3488 614 3544 lunduruento„

253 3608 304 3660 tuo
343 3595 490 3674 'qrrieunquc
504 3639 533 3647 -
548 3607 672 3658 occulat:
695 3606 819 3674 intelligit
838 3621 892 3656 earn
912 3607 1064 3672 praetoriam
1084 3606 1179 3657 eohor-

178 3709 243 3765 tem,
261 3713 327 3767 quoe
342 3703 477 3752 sturionem
497 3702 553 3751 sire
574 3700 696 3750 excubias
715 3698 761 3749 illo
781 3700 822 3750 dic
841 3697 868 3748 in'
887 3699 984 3749 Palatio
1003 3700 1105 3766 ugelrnt.
1144 3699 1179 3750 el.

183 3795 288 3846 Suelon.
311 3793 412 3845 Othone
431 3796 455 3848 6.
473 3795 552 3846 Tacit.
567 3795 631 3845 llist.
651 3795 712 3844 luc
730 3801 756 3842 et
768 3794 811 3844 29.
831 3791 941 3842 exercitat
961 3791 1084 3842 librorum
1103 3807 1179 3843 munu

181 3889 334 3953 scriptorum
352 3888 442 3938 vitium
462 3896 502 3938 est
520 3889 581 3939 sutis
595 3887 758 3938 urunilcstum
769 3902 854 3954 neque
873 3887 965 3938 iustum
979 3887 1178 3953 explicationem

180 3983 280 4048 recipit.
1188 3975 1189 3980 ’

251 4101 310 4155 782.
345 4098 492 4168 praefecti:
516 4095 637 4148 Solonius
659 4092 801 4166 Tigellinus
822 4101 847 4142 et
867 4092 961 4144 Fcnius
976 4092 1065 4144 liuius.
1094 4093 1177 4146 ulu-

180 4191 222 4240 cit.
240 4193 307 4244 Ann.
329 4191 385 4243 lllll
404 4192 447 4242 51.
