3058 5026
459 545 533 606 Aer.
549 546 582 609 V.
604 549 691 610 Vens·
706 549 881 618 948-984.

292 721 404 794 Quibus
425 723 521 785 invisa
544 741 597 804 es,
617 729 738 789 numina
760 729 870 791 divum.
923 732 927 740 '

291 827 415 890 Tartara
435 837 531 894 testor
544 834 695 914 Erebique
717 836 790 898 deas

290 933 442 996 Scelerum
463 936 605 1017 ultrices,
627 947 657 1000 et
677 948 717 1018 te,
738 943 866 1022 genitor,

290 1039 419 1119 Dignum
439 1042 491 1102 tali
510 1051 606 1105 morte
628 1052 658 1105 et
679 1063 797 1125 poena,

288 1144 355 1206 Non
376 1145 473 1207 invisa
492 1155 539 1208 est
559 1165 641 1210 mors
663 1151 720 1211 ista
741 1151 822 1213 mihi.
870 1185 874 1190 ·

289 1251 411 1312 Armate
433 1259 545 1330 ratem,
568 1254 636 1316 date
656 1256 724 1317 vela
748 1258 854 1335 iretis,

289 1356 452 1436 Venusque
472 1366 552 1438 petat
572 1363 676 1442 puppis
698 1371 801 1427 rector

290 1462 486 1533 Pandatariae
505 1466 607 1526 littora
629 1474 739 1534 terrae.
759 1459 762 1468 ¹

563 1570 724 1634 Chorus.

289 1671 388 1734 Lenes
411 1691 502 1736 aurae
523 1676 705 1758 zephyrique
724 1679 834 1756 teum,
1167 1692 1366 1762 Puellaejanmro-

289 1779 409 1844 Tectam
433 1781 583 1859 quondam
602 1783 681 1844 nube
705 1782 838 1849 aetheria
1167 1747 1272 1846 diffidi
1290 1751 1367 1851 1didius

291 1886 348 1957 Qui
372 1887 496 1948 vexistis
517 1895 631 1968 raptam
655 1907 768 1952 saevae
1167 1859 1301 1916 adoreum.
1386 1911 1389 1914 '

290 1991 419 2071 Virginis
441 1995 502 2053 aris
523 1993 726 2076 Iphigeniam,

289 2095 374 2162 Hanc
396 2114 515 2178 quoque
536 2101 613 2165 tristi
633 2101 737 2180 procui
757 2119 775 2162 a
796 2117 895 2180 poena

288 2203 430 2279 Portate,
449 2219 575 2282 precor,
595 2204 703 2284 templa
725 2204 765 2266 ad
786 2205 914 2272 Triviae.

288 2309 369 2372 Urbe
390 2315 436 2372 est
457 2310 682 2374 nostramitior
703 2310 788 2373 Aulis

288 2415 326 2476 Et
346 2415 511 2476 Taurorum
532 2416 662 2476 barbara
680 2416 777 2479 tellus.

288 2521 420 2609 Hospitis
440 2520 502 2582 illie
523 2520 619 2584 caede
639 2520 738 2588 litatur

286 2625 402 2696 Numen
422 2643 562 2706 superum
576 2652 583 2686 z

290 2733 371 2802 Civis
392 2733 504 2816 gaudet
524 2734 619 2802 Roma
641 2751 758 2799 cruore.

219 2941 267 2983 973.
296 2943 452 2984 Pandatariae
471 2940 567 2991 Lipsius:
590 2937 678 2980 codices
694 2940 782 2980 tandem
796 2937 892 2992 phariae
910 2938 946 2985 uel,
966 2939 1055 2981 tandem
1069 2941 1152 2982 uariae.

220 3018 268 3062 981.
298 3019 420 3067 Taurorum
433 3019 529 3073 Lipsius:
544 3018 632 3060 codices
649 3017 784 3080 Maurorum!

164 3255 219 3290 rum
237 3239 313 3291 fidem
331 3248 435 3292 secutus
453 3248 568 3292 teneram
585 3241 698 3308 puellam
715 3241 831 3308 pluribus
858 3249 917 3292 ante
938 3241 1044 3292 eaedem
1062 3240 1152 3292 diebus

162 3334 251 3385 mortis
268 3341 338 3384 metu
353 3349 437 3400 paene
456 3336 593 3386 extinctam
613 3351 671 3393 esse
690 3335 792 3391 tradidit
810 3336 877 3392 Anu.
896 3335 955 3386 xlv
966 3333 1009 3392 64.
