3058 5026
385 544 427 604 28
799 542 961 606 Ocrnvmu

385 724 559 786 Absentium
582 741 649 784 eum
670 731 790 786 maneat
810 726 898 788 etiarn
921 727 1030 807 ingens
1051 725 1139 788 lavor

384 823 420 890 ln
440 829 515 892 urbe
538 838 657 910 nostre,
679 834 727 912 qui
749 832 831 894 louet
851 850 921 912 spes
944 832 1097 912 exsulum,

385 937 539 1000 Tollantur
559 937 663 1000 hostes
684 955 758 1000 ense
781 940 913 1018 suspecti
938 938 1018 1000 mihi.

287 1041 293 1050 “
386 1045 490 1111 Invisa
508 1045 619 1106 coniux
639 1053 746 1126 pereat
766 1053 798 1108 et
818 1064 920 1116 carum
941 1047 1000 1108 sibi

386 1151 518 1213 Fratrem
543 1156 696 1230 sequatur.
740 1150 890 1231 Quidquid
914 1151 1066 1214 excelsum
1087 1155 1152 1230 est,
1174 1153 1270 1216 eadat.

783 1257 949 1320 Seneca

387 1361 543 1426 Pulohnrm
564 1363 697 1424 eminere
717 1368 765 1424 est
784 1364 863 1426 inter
883 1365 1024 1426 inlustres
1044 1367 1150 1443 viros,

389 1468 555 1530 Consulere
576 1471 710 1548 patriae,
731 1487 860 1550 parcere
883 1470 1032 1544 adllictis,
1055 1472 1119 1534 lara

389 1573 491 1636 Caede'
515 1575 686 1653 abstinere,
709 1583 826 1656 tempus
848 1584 944 1658 atque
958 1580 1022 1640 irae
1045 1578 1135 1657 dare,

305 1667 308 1672 ⁵
390 1684 464 1746 Orbi
484 1687 630 1764 quietern,
651 1684 774 1746 saeculo
795 1703 900 1764 pacem
927 1703 993 1747 suo.

389 1791 474 1853 llaec
493 1808 607 1854 summa
628 1792 742 1870 virtus,
764 1793 873 1869 petitur
893 1790 953 1852 hae
977 1791 1092 1852 eaelum
1114 1791 1172 1853 via.

393 1897 445 1960 Sic
464 1895 514 1956 ille
533 1895 647 1975 patriae
667 1894 779 1974 primm
798 1891 952 1975 Augustus
973 1909 1084 1973 parens

372 2077 374 2083 s
391 2001 571 2082 Complexus
591 2007 672 2064 astra
695 2008 742 2064 est
762 2002 871 2064 colitur
895 2007 925 2070 et
948 2001 1065 2082 templis
1086 2001 1172 2066 deus.

390 2109 474 2172 lllum
497 2116 596 2170 tamen
620 2108 750 2170 Fortuna
771 2107 894 2168 iactavit
914 2105 964 2168 diu

390 2215 484 2277 Terra
501 2216 637 2294 marique
659 2230 845 2293 pergraves
866 2213 935 2274 belli
958 2213 1062 2292 vices,

391 2322 502 2384 Hostes
524 2321 657 2402 parentis
678 2320 779 2383 donec
804 2323 953 2402 oppressit
974 2321 1032 2384 sui.

391 2430 459 2492 Tibi
478 2446 587 2490 numen
609 2430 765 2491 incruenta
786 2430 939 2492 summittit
962 2445 1072 2507 suum,

390 2537 430 2601 Et
451 2536 534 2600 dedit
553 2535 688 2602 habenas
710 2536 920 2618 imperiiacili
939 2553 1049 2614 manu,

391 2645 529 2724 Nutuque
550 2649 647 2708 terras
666 2645 760 2708 maria
782 2644 911 2708 subiecit
928 2650 990 2707 tuo.

392 2749 508 2836 Invidia
530 2751 624 2812 tristis
643 2752 722 2812 vieta
742 2767 896 2812 consensu
916 2752 968 2830 pio

394 2857 503 2920 Gessit.
547 2857 674 2922 Senatus
694 2857 804 2938 equitis
825 2873 974 2934 accensus
995 2855 1100 2932 lavor3
1200 2873 1202 2878 ·

393 2967 551 3048 Plebisque
573 2967 653 3028 votis
675 2971 765 3047 atque
784 2964 897 3028 iudicio
920 2971 1037 3044 patrum

394 3074 439 3137 Tu
460 3076 545 3155 pacis
567 3083 690 3154 auctor,
711 3078 834 3158 generis
854 3074 977 3137 humani
1000 3074 1114 3135 arbiter
1159 3155 1162 3164 ‘

394 3179 538 3255 Electus3
560 3180 665 3241 orbern
685 3186 717 3240 tu
737 3195 825 3240 sacra
847 3179 950 3255 specie
971 3176 1072 3256 regia,

395 3286 513 3348 Patriae
536 3300 667 3365 parens3
690 3282 770 3364 quod
788 3295 900 3344 nomen
922 3289 954 3344 ut
973 3295 1079 3344 serves
1099 3279 1173 3359 petit
1307 3356 1309 3364 y

397 3393 534 3473 suosque
557 3392 640 3454 cives
661 3392 755 3455 Roma
779 3389 970 3454 commendat
992 3387 1055 3451 tibi.
1521 3423 1524 3606 1

454 3597 503 3642 486.
532 3599 624 3642 indicto
637 3604 726 3652 potrum
739 3598 836 3650 Lipsius:
852 3595 941 3640 codices
954 3597 1065 3642 indictum
1079 3601 1169 3650 potrum
1183 3598 1226 3637 cst.
1247 3581 1327 3645 ‘paulo
1342 3595 1393 3635 nuta

455 3686 532 3724 aotam
546 3690 585 3733 pro
606 3682 669 3723 cotta
690 3676 853 3722 Ultraieettnus.

467 3879 531 3934 485.
566 3879 782 3946 condescendis
805 3908 838 3920 -
865 3880 974 3931 electas.-
1004 3877 1044 3928 vir
1070 3878 1143 3945 pacis
1163 3876 1261 3928 artibus
1286 3873 1394 3926 eximius

399 3969 518 4022 consulto
536 3969 652 4022 favorem
672 3971 912 4038 praetorianorum,
934 3970 1063 4040 aquibus
1086 3970 1155 4022 llere
1181 3971 1320 4036 imperator
1338 3967 1393 4032 pri-

399 4079 468 4118 mum
488 4063 664 4116 consalutatus
687 4069 728 4114 cst
746 4062 828 4130 (Tacit
853 4063 920 4114 Anu.
936 4062 983 4114 Xll
999 4063 1061 4130 69),
1089 4068 1133 4112 aut
1150 4057 1229 4125 plauc
1249 4073 1302 4108 non
1320 4073 1393 4110 cour·

400 4166 523 4208 memorat
543 4165 586 4209 aut
602 4157 684 4225 plebis
702 4158 806 4209 nominc
826 4156 933 4209 militem
952 4155 1063 4208 obscure
1080 4151 1156 4206 simul
1174 4149 1325 4218 complexus
1347 4160 1393 4204 est.
