3058 5026
769 543 925 606 Ocrnvrnr

756 726 922 788 Seneca.

255 809 260 815 ⁵
356 831 422 894 line
442 832 507 911 pins
522 848 649 910 verere,
672 824 752 912 quod
774 833 844 895 iicet
865 840 975 895 tanturn
999 833 1061 895 nbi.

692 999 693 1002 ,
779 941 895 1001 Nero.

356 1049 485 1111 Ferinns
508 1053 611 1110 nostre
635 1053 742 1110 cuneis
761 1048 902 1126 penniiiii
923 1046 1002 1107 mihi.
1065 1037 1067 1040 ’

754 1151 919 1214 Seneca.

358 1257 456 1320 Crede
478 1257 655 1338 obsequenti
676 1258 811 1336 parcius:
834 1256 909 1320 levis
929 1262 975 1318 esi
998 1257 1073 1346 dee..
1147 1319 1150 1330 ,

776 1364 893 1425 Nero.

357 1469 465 1532 Inertis
487 1475 533 1530 est
555 1469 685 1546 nescire,
704 1469 774 1548 quid
793 1469 967 1531 liceebsibi.

756 1578 776 1641 S
788 1594 834 1638 en
846 1594 926 1638 een.

263 1706 270 1714 ·
358 1682 392 1744 id
416 1682 517 1746 iecere
540 1681 606 1745 leus
631 1689 692 1761 est,
714 1684 792 1762 qnod
817 1682 924 1756 decet,
946 1699 1025 1762 nnn,
1050 1683 1130 1762 quod
1151 1683 1232 1745 Ιιεει.

469 1851 473 1862 ,
775 1791 801 1852 N
808 1807 886 1852 ere.

359 1897 462 1960 Caleni
480 1897 627 1959 iacentem
652 1895 768 1977 vnigus.
793 1931 796 1934 -

757 2003 923 2067 Seneca.

784 2103 915 2172 invisum
939 2109 1086 2189 opprimit.

777 2213 892 2276 Nero.

361 2323 483 2386 Ferrum
504 2328 601 2386 inetur
619 2322 793 2403 principem.

761 2428 922 2492 Senecn

818 2534 924 2597 Melius
945 2533 1032 2599 inies.¹
1117 2523 1120 2526 ’

778 2643 891 2704 Nero.

364 2750 461 2812 Deeei
481 2748 578 2810 timeri
602 2747 774 2810 Gaesarem.

726 2931 733 2938 ¹
761 2853 927 2918 Seneca.

790 2959 917 3040 Atpins
937 2959 1030 3042 diligi.

437 3272 505 3324 454,
536 3271 623 3324 caleat
641 3272 768 3323 iacentem
783 3271 889 3340 vulqus:
908 3273 1034 3324 iacentem
1050 3271 1076 3322 h.
1094 3271 1112 3324 i.
1130 3261 1182 3322 nen
1200 3269 1264 3320 dixis
1281 3277 1358 3336 poena

368 3360 537 3430 neplipentem
561 3368 587 3411 et
606 3362 714 3426 lassum,
744 3362 790 3414 sed
812 3363 881 3414 humi
905 3362 1031 3414 iacentem
1050 3370 1077 3414 ει
1099 3377 1260 3430 oppressum.
1299 3373 1358 3430 apte

369 3455 410 3518 his
430 3456 569 3521 respondet
590 3457 689 3508 Seneca
706 3459 815 3510 inanum
835 3458 970 3527 opprimit,
988 3457 1014 3508 h.
1033 3473 1056 3508 ε.
1076 3459 1098 3512 si
1118 3459 1175 3530 quis
1194 3460 1292 3510 invisus
1311 3467 1359 3522 esi,

369 3563 432 3618 rnrnr¹
448 3549 598 3616 opprimitur
616 3558 644 3600 nt
664 3553 754 3603 iacent.

439 3700 501 3754 460.
537 3701 663 3770 dispectus
682 3702 750 3756 ensis
767 3702 868 3769 faciet:
898 3716 1027 3754 consensu
1049 3709 1150 3768 petrum
1168 3710 1223 3754 reta
1243 3703 1361 3754 iacienda

372 3811 432 3848 esse
455 3811 522 3864 qnae
548 3799 668 3864 princeps
692 3798 874 3864 imperaverit,
892 3797 992 3851 Seneca·
1008 3797 1103 3849 Neroni
1130 3797 1207 3849 modo
1230 3798 1363 3864 suggessit

371 3890 457 3944 verbis
475 3908 540 3960 puae
561 3908 698 3944 censensus
716 3894 813 3960 efficiat
829 3902 898 3945 rata.
919 3891 1033 3944 adhaec
1051 3909 1144 3945 saevus
1162 3894 1238 3944 horno
1252 3905 1362 3956 respon-

372 3985 431 4049 det,
448 3993 548 4054 patres,
567 3987 612 4038 ubi
632 4002 720 4038 ensem
738 3986 897 4054 dispexerint
917 3987 1012 4038 curinnr
1031 3985 1220 4054 ingredientes,
1241 3997 1293 4032 nen
1313 3981 1362 4031 du-

372 4076 497 4131 binsuros
516 4097 583 4146 esse,
601 4083 738 4149 quominus
755 4080 879 4148 quidquid
899 4082 956 4147 ipse
973 4081 1077 4133 iusserit
1094 4087 1148 4129 rein
1166 4075 1285 4131 habeant.
1320 4075 1363 4124 in-

321 4187 324 4193 ·
373 4170 468 4254 telligit
495 4174 598 4227 fabulae
623 4183 712 4228 auctor
739 4177 864 4230 eiusmodi
888 4175 998 4230 neronis
1022 4172 1148 4236 ludibria,
1175 4185 1242 4238 quae
1261 4169 1363 4222 Tacitus
