3058 5026
389 539 431 604 48
797 546 956 610 Ocrnvrnu
1073 623 1077 631 ι

750 721 1005 784 Praefectus

389 823 520 884 Horrore
546 826 654 887 victum
677 827 811 906 trepidus
833 828 991 890 adstrinxit
1014 830 1107 912 rigor.

806 935 918 997 Nero.

388 1037 496 1098 Parere
520 1039 666 1101 dubitas?

753 1149 1007 1212 Praefectus.

690 1255 750 1318 Cur
771 1274 868 1320 meam
891 1257 1015 1320 damnas
1037 1255 1153 1321 fidem?

674 1359 676 1362 ’
729 1425 736 1436 ,
807 1363 919 1424 Nero.
1007 1431 1011 1440 .

387 1465 474 1538 Quod
496 1468 595 1546 parcis
616 1467 703 1530 hosti

751 1575 1006 1638 Praefectus.

718 1681 840 1742 Femina
862 1682 920 1744 hoc
943 1701 1053 1746 nomen
1076 1685 1178 1764 cepit?

802 1789 916 1858 Nero.

384 1893 415 1954 Si
439 1892 556 1954 scelera
576 1893 664 1971 cepit

747 1998 998 2064 Praefectus.

708 2105 800 2166 Estne
824 2107 873 2186 qui
897 2114 1015 2171 sontem
1037 2114 1165 2191 arguat?

804 2211 918 2274 Nero.

292 2313 296 2324 “
384 2310 485 2390 Popufi
512 2311 604 2373 furor.

798 2635 914 2698 Nero.

381 2738 437 2812 Qui
462 2740 615 2800 concitare
640 2741 742 2818 putuit.

750 2848 998 2913 Praefectus.

669 2981 670 2986 ¹
768 2955 854 3018 Haud
874 2973 1043 3039 quenquam
1065 2979 1146 3064 reor.

797 3065 911 3128 Nero.

378 3165 501 3241 Mulier,
524 3167 607 3230 dedit
628 3175 732 3230 natura
755 3173 802 3231 cui
824 3190 949 3250 prunum
967 3175 1045 3236 malo

378 3273 535 3350 Animum,
555 3273 594 3334 ad
615 3274 785 3338 nocendum
806 3284 910 3355 pectus
932 3281 1072 3344 instruxit
1095 3283 1182 3346 dolis.

742 3381 983 3449 Praefectus.

219 3563 223 3576 Ι
296 3496 298 3500 ’
377 3485 437 3549 Sed
459 3486 520 3548 vim
542 3488 683 3567 negavit,
708 3495 740 3549 ut
760 3506 799 3550 ne
821 3490 1061 3575 inexpugnabilis

378 3593 478 3671 iisset,
499 3592 554 3654 sed
575 3611 684 3675 aegras
704 3596 859 3678 frangeret
878 3600 959 3660 vires
979 3600 1067 3660 timor
1088 3637 1128 3647 -

441 3825 490 3870 8⁷0.
512 3826 599 3868 anteir.
614 3839 638 3869 v.
656 3831 784 3880 etposut
763 3825 839 3870 871
864 3823 1143 3868 nominaf’raefectus
1167 3831 1290 3882 ufqneNe
1295 3835 1366 3874 refu

432 3908 519 3950 tibus·
509 3911 594 3962 erscfptf
583 3909 747 3960 sisedtfquen
733 3909 897 3958 nunfergun
846 3912 903 3951 cantu
1340 3921 1345 3927 ·

446 4089 508 4141 863.
547 4102 644 4155 parere
662 4083 786 4136 dubitas?
817 4099 875 4134 curn
901 4084 1082 4151 praefectus'
1075 4086 1152 4136 russis
1179 4085 1364 4137 crudelissimis

375 4198 429 4239 nun
445 4184 529 4236 statim
547 4181 710 4248 obsequatur,
728 4179 793 4232 sed
786 4179 1045 4249 inopinatemandato
1066 4185 1265 4242 commoveatur,
1286 4177 1365 4242 Nero,

750 2421 999 2487 Praefectus.

634 2525 708 2598 Quis
727 2543 836 2607 regere
861 2528 1014 2596 dementes
1038 2537 1140 2599 valet?
