3078 5016
381 510 465 572 XXll
652 465 655 472 ²
773 507 991 568 Pnnnrnrronrs

374 692 493 756 Vatinii
515 690 686 770 potentiam.
728 690 803 750 Nam
827 689 906 767 quod
927 687 1078 748 ttluternus
1098 683 1174 764 apud
1185 683 1316 744 'tacitum
1338 682 1375 742 do

380 819 524 866 successu
546 801 660 880 primae
686 817 760 860 suae
781 799 899 860 fabulae
924 804 1043 874 narrat,
1072 814 1134 856 rem
1156 812 1224 855 csse
1245 794 1275 854 in
1297 794 1376 854 t'acto

380 910 507 988 positam
530 914 618 986 atque
642 906 671 966 in
696 925 732 967 ea
752 907 904 968 mentione
927 903 998 965 nihii
1031 904 1128 964 fictum
1153 920 1223 963 esse
1244 902 1292 962 vet
1316 920 1374 962 an-

381 1022 482 1092 ctum,
509 1013 540 1074 id
561 1013 637 1074 ultra
666 1031 785 1074 omnem
813 1011 1028 1074 dubitationem
1059 1017 1172 1071 certum
1202 1011 1374 1088 snmmnquo

381 1123 527 1184 consistit.
558 1107 843 1184 Scilicettttaternus
869 1119 945 1198 apud
971 1119 1083 1188 amicos
1106 1115 1246 1196 aequales
1270 1123 1300 1176 et
1320 1134 1374 1178 re-

380 1248 445 1293 rum
468 1244 540 1305 quas
564 1228 628 1304 ipse
651 1232 797 1286 memorat
819 1226 898 1284 benc
917 1243 1030 1304 gnaros
1052 1225 1182 1304 loquitur
1204 1229 1233 1282 et
1255 1221 1333 1282 idem
1357 1239 1374 1282 a

382 1335 483 1394 'tacito
507 1333 573 1393 tatis
593 1331 763 1408 inducitur,
784 1338 816 1394 ut
838 1331 875 1390 dc
899 1339 993 1393 semet
1015 1333 1079 1411 ipse
1102 1347 1162 1390 non
1186 1331 1243 1390 nisi
1265 1328 1373 1408 pudice

382 1448 411 1500 ct
432 1441 550 1502 modice
573 1440 665 1500 verba
689 1439 789 1500 saciat.
900 1513 904 1518 Ι

466 1545 605 1624 Sequitur
636 1550 668 1605 ut
689 1544 799 1604 auxilio
823 1543 956 1604 eiusdem
984 1543 1061 1618 loci,
1098 1540 1136 1600 dc
1160 1561 1219 1622 quo
1244 1544 1293 1602 diu
1317 1543 1375 1602 iam

366 1650 618 1728 (disputavimus,
653 1649 774 1710 Domitii
798 1649 915 1712 tabulae
934 1650 1113 1711 recitatione
1138 1651 1277 1730 vulgatae
1300 1655 1378 1708 tem-

380 1775 435 1838 pus
461 1759 628 1818 accuratius
651 1757 835 1817 definiamus,
859 1757 920 1816 iam
934 1758 1058 1836 primum
1080 1765 1162 1818 certe
1176 1765 1245 1836 post
1266 1774 1375 1816 annum

383 1865 539 1927 aCtnisto
570 1871 640 1924 nato
671 1865 891 1944 sexagesimum
921 1872 1055 1942 quartum
1078 1865 1224 1926 Domitius
1246 1864 1371 1924 recitata

383 1977 451 2029 ost:
485 1969 544 2030 hoc
582 1971 660 2028 enirn
694 1987 773 2030 anno
803 1971 908 2034 t'avore
937 1972 1065 2032 Neronis
1100 1972 1210 2032 eximio
1240 1970 1375 2030 Vatinius

383 2079 470 2140 etiem
492 2079 652 2164 gaudebat.
695 2079 777 2159 Lege
797 2080 891 2153 Taciti
912 2081 990 2142 Ann.
1012 2079 1066 2142 XV
1087 2079 1129 2140 34
1152 2085 1181 2139 et
1198 2078 1247 2139 35.
1288 2079 1376 2138 Post-

383 2185 440 2246 hac
471 2203 566 2264 usque
594 2185 633 2246 ad
665 2187 795 2246 medium
831 2204 941 2248 annum
982 2189 1202 2268 sexagesimum
1238 2193 1376 2246 octavum

382 2292 462 2354 Nero
495 2293 585 2352 rebus
608 2292 760 2358 Romanis,
781 2293 879 2354 ittusit.
923 2293 983 2354 Sed
1011 2311 1109 2373 neque
1139 2309 1218 2354 anno
1242 2310 1376 2374 sexage-

382 2400 458 2470 simo
482 2401 583 2478 quinto
616 2417 713 2478 neque
742 2401 955 2478 prioreparte
989 2402 1060 2462 anni
1087 2400 1269 2480 sexagesimi
1297 2400 1376 2460 sexti

309 2573 317 2584 ,
380 2506 516 2569 Vatinius
539 2525 577 2568 ex
597 2507 795 2570 familiaritate
812 2510 940 2571 Neronis
963 2510 1111 2572 cecidisse
1142 2510 1289 2589 putandus
1312 2516 1374 2574 est:

381 2633 450 2676 narn
472 2615 606 2676 Annales
630 2616 747 2695 Taciti,
780 2625 917 2696 quantum
943 2621 1006 2680 eins
1030 2621 1130 2698 operis
1157 2619 1245 2680 nobis
1267 2636 1375 2680 serra-

383 2729 444 2783 tnm
476 2729 543 2800 est,
572 2740 667 2800 usque
693 2723 731 2783 ad
760 2725 889 2784 medium
920 2725 985 2784 sere
1016 2743 1125 2787 annum
1156 2729 1377 2806 sexagesimum

384 2836 498 2890 sextum
520 2829 703 2908 perdurant,
736 2848 835 2910 neque
858 2836 957 2891 tamen
983 2832 1091 2894 Vatinii
1120 2832 1157 2893 de
1177 2835 1306 2896 Neronis
1328 2834 1376 2894 i-

386 2938 453 3000 t'orc
477 2936 587 2998 deiecti
614 2939 797 2999 mentionem
827 2939 982 3018 iniiciunt,
1018 2959 1104 3020 quam
1135 2959 1198 3002 rem
1219 2941 1375 3003 silentioa

384 3045 486 3106 Tacito
516 3046 719 3126 transmissam
752 3047 821 3106 esse
855 3048 1012 3125 quominus
1042 3047 1221 3124 credamus,
1255 3049 1378 3126 impedit

383 3153 509 3214 aliorum
531 3159 561 3212 et
582 3153 720 3212 similium
743 3153 878 3218 eiusdem
903 3157 1002 3232 operis
1025 3155 1158 3216 locorum
1181 3155 1376 3232 comparatio,

382 3257 472 3318 veluti
494 3256 561 3316 Xlli
581 3259 595 3316 1
623 3263 652 3316 et
676 3257 724 3333 14,
744 3257 811 3318 XlV
824 3257 873 3318 65.
916 3259 1019 3338 Neque
1041 3278 1115 3321 vero
1141 3278 1219 3322 anno
1243 3279 1377 3342 sexage-

381 3365 457 3426 simo
479 3365 625 3444 septime,
658 3382 716 3444 quo
736 3367 816 3428 Nero
839 3385 893 3444 per
917 3367 1073 3430 Graeciam
1098 3370 1306 3450 peregrinatus
1329 3377 1376 3430 est

381 3480 411 3532 et
439 3489 569 3534 coronas
596 3475 754 3552 gymnicas
775 3476 900 3558 meruit,
932 3477 1052 3538 Domitii
1082 3478 1218 3540 recitatio
1254 3478 1372 3540 accidit.

382 3579 411 3638 in
435 3577 594 3640 Graeciam
616 3580 696 3642 Nero
722 3583 837 3642 transiit
868 3601 972 3642 mense
1000 3584 1161 3644 Novembri
1191 3590 1261 3646 anni
1283 3582 1323 3645 66
1344 3591 1375 3645 ct

381 3685 451 3748 inde
475 3704 616 3748 reversus
637 3693 683 3748 est
706 3689 760 3748 snb
784 3689 897 3749 initium
925 3689 996 3749 anni
1024 3690 1064 3750 68
1095 3695 1125 3750 et
1148 3691 1282 3754 eiusdem
1304 3692 1375 3752 anni

379 3812 484 3854 mense
509 3795 615 3855 Martio
652 3797 690 3858 de
712 3803 793 3858 motu
814 3798 947 3858 Vindicis
982 3798 1103 3859 audivit.
1147 3798 1214 3860 Vid.
1244 3799 1374 3860 Reimari

384 3900 486 3961 adnot.
511 3901 549 3960 ad
572 3901 663 3962 Dion.
685 3903 775 3964 LXltl
796 3906 816 3966 8
836 3913 866 3966 et
887 3907 935 3966 99.
979 3905 1082 3990 ltaque
1105 3910 1180 3968 intra
1205 3907 1234 3967 id
1258 3914 1377 3984 ternpo-

381 4010 423 4069 ris
449 4009 659 4088 intervallum,
691 4011 771 4096 quod
800 4031 816 4072 a
839 4012 940 4074 medio
971 4032 1050 4075 anno
1074 4015 1265 4094 sexagesimo
1290 4019 1375 4074 sexto

378 4133 472 4196 usqne
507 4117 544 4178 ad
568 4117 767 4180 Nouembrem
800 4121 934 4182 eiusdem
958 4122 1027 4182 anni
1049 4127 1098 4181 aut
1126 4119 1163 4180 ab
1190 4119 1274 4180 initio
1304 4121 1374 4182 anni
