3078 5016
542 586 641 648 Clavi
665 550 780 648 V—lll.
1057 585 1153 650 XXXl
1185 591 1192 609 “

164 859 220 928 Vt.
264 861 426 926 (letaniae
448 865 734 946 reeopnosccndoc
766 868 918 949 notisque
943 865 1155 931 instruendae

256 974 353 1034 ratio.

240 1149 397 1212 Relicuum
421 1156 469 1212 est
489 1157 523 1222 ut
544 1167 639 1230 pauca
661 1149 699 1210 de
721 1149 777 1212 liae
799 1119 918 1212 fabulae
945 1152 1153 1232 recognitione

157 1264 188 1320 et
208 1258 410 1336 explicatione
433 1258 550 1322 addam.
601 1258 709 1320 Libros
729 1259 826 1321 editos
849 1259 1072 1340 tragoediarum
1096 1260 1156 1322 Se·-

157 1381 254 1426 necae
278 1368 308 1424 et
325 1370 445 1424 veteres
483 1371 514 1426 et
538 1383 636 1428 novos
663 1364 823 1446 diligenter
845 1367 998 1445 consului,
1027 1367 1155 1445 scriptos

160 1470 305 1536 adhibere
326 1486 388 1530 non
408 1469 500 1532 licuit.
551 1472 585 1532 ln
606 1471 663 1534 illis
686 1491 780 1554 aegre
802 1473 854 1534 loli
876 1473 957 1552 quod
977 1489 1065 1534 nemo
1088 1472 1156 1534 edi·

154 1585 253 1642 torum
270 1577 415 1668 lectionis
437 1579 612 1640 varietatem
636 1597 675 1639 ex
696 1579 869 1642 melioribus
901 1581 1014 1658 aliquot
1038 1580 1157 1642 codici-

153 1688 210 1748 bus
232 1685 348 1766 plenam
370 1687 515 1758 enotavit,
537 1703 574 1748 ae
596 1703 688 1766 saepe
713 1686 822 1766 optavi,
845 1692 878 1746 ut
893 1685 992 1747 bonus
1014 1685 1062 1746 ille
1081 1686 1156 1746 Tor.

155 1791 242 1854 killos
267 1791 440 1869 Badenius‚
473 1794 521 1872 qui
543 1793 766 1875 vindobonae,
799 1793 935 1870 Romae,
955 1791 1082 1872 Neapoli
1102 1809 1157 1853 se-

154 1898 326 1979 ptendecim
354 1898 449 1960 libros
480 1918 568 1962 laianu
600 1901 728 1979 scriptos
763 1898 986 1978 tragoediarum
1019 1899 1155 1964 Senecae

156 2006 297 2084 inspexit,
323 2023 361 2064 ex
380 2005 497 2066 duobus
519 2007 654 2067 tribusve
674 2012 765 2067 notae
788 2004 922 2066 melioris
942 2021 1061 2066 omnem
1077 2005 1157 2065 scri-

156 2119 259 2190 pturae
284 2111 517 2190 discrepantiam
542 2111 691 2174 attulisset
719 2128 808 2190 quain
832 2111 969 2173 omnibus
993 2110 1158 2190 negligen-

155 2225 202 2279 ter
224 2219 354 2278 versatis
377 2217 407 2277 id
428 2217 540 2280 laboris
563 2219 609 2278 sui
630 2218 792 2296 praemium
815 2214 896 2277 ferre
920 2215 1096 2292 maluisset,
1125 2220 1157 2274 ut

157 2325 305 2388 Senecam
328 2325 487 2386 edisceret.
510 2325 562 2385 Sie
578 2323 627 2386 ille
649 2341 722 2385 suae
746 2340 890 2385 aoranae
913 2321 1030 2384 cuidam
1050 2322 1155 2382 scien-

158 2433 219 2495 iiae
244 2433 408 2508 consuluit,
430 2432 496 2492 aliis
524 2431 590 2492 sive
620 2429 700 2498 nihil,
724 2430 789 2490 sive
821 2429 940 2507 paulum
961 2427 1080 2508 proluit.
1123 2426 1159 2489 ln

158 2538 303 2598 Octaviae
326 2536 403 2596 loeis
423 2535 575 2615 plerisque
607 2533 717 2596 tradita
739 2534 894 2596 meliorum
916 2533 1054 2594 codicum
1076 2535 1158 2594 seri-

156 2651 243 2724 ptura
265 2640 454 2703 sufficiebat:
477 2640 503 2700 si
524 2657 615 2701 sceus
640 2646 714 2716 erat,
734 2639 926 2701 coniecturas
947 2639 1080 2702 virorum
1099 2639 1158 2703 do-

157 2756 271 2811 ciorum
295 2747 436 2823 adscivi,
469 2745 524 2806 sed
548 2763 601 2807 eas
617 2737 831 2806 'tantummodo
864 2762 939 2825 quas
969 2745 1033 2824 ipse
1056 2745 1158 2807 vindi-

157 2874 228 2918 care
250 2873 395 2936 possem3
418 2855 540 2933 quaesi
567 2852 712 2929 deerant,
744 2859 775 2913 et
802 2853 889 2913 locos
922 2858 1022 2913 tamen
1045 2870 1154 2914 eorru-

155 2970 223 3043 ptos
248 2961 458 3034 offendebam,
484 2958 576 3019 veluti
599 2979 628 3018 v.
651 2959 691 3018 50
713 2965 742 3017 et
766 2959 823 3018 145
846 2964 876 3018 et
900 2956 960 3018 243
983 2965 1013 3018 et
1038 2958 1098 3018 361
1123 2964 1154 3018 et

155 3069 214 3131 391
240 3074 269 3130 et
290 3063 351 3128 loo
383 3071 413 3125 et
435 3062 496 3126 400
526 3070 557 3124 ct
585 3063 646 3124 780
680 3069 710 3126 et
732 3061 793 3123 708
828 3068 858 3122 et
879 3062 963 3138 870,
995 3063 1060 3144 ipse
1083 3063 1155 3125 vitia

156 3271 258 3341 poliens
276 3267 387 3329 discidii,
405 3265 480 3332 ponci
493 3265 652 3332 efflapitcnte
669 3267 773 3334 popolo,
791 3266 902 3318 reducit.
922 3264 974 3317 vid.
989 3263 1050 3315 ibid.
1070 3281 1092 3316 c.
1106 3267 1153 3320 tt:

157 3365 250 3433 fratris
266 3361 348 3428 filiam
370 3394 377 3409 .
399 3397 405 3410 .
424 3397 431 3409 .
465 3359 643 3410 ardentissime
659 3357 797 3428 palamque
816 3358 914 3420 dilexit,
932 3368 960 3409 at
979 3362 1056 3409 etiam
1075 3377 1156 3413 cansa

158 3457 248 3509 montis
266 3449 390 3505 exstiterit
415 3463 521 3504 conctce
548 3449 696 3520 concipiam
722 3468 740 3502 a
758 3469 784 3502 se
804 3452 916 3519 abigere.
962 3450 1027 3502 stin.
1048 3451 1156 3518 Epistol.

158 3551 192 3605 IV
213 3551 263 3601 11:
293 3564 351 3599 cum
378 3549 433 3617 ipse
452 3549 545 3613 fratris
564 3547 646 3612 filiam
669 3549 766 3597 incesto
793 3563 848 3597 nou
862 3547 994 3615 polluisset
1011 3546 1093 3598 solnm
1110 3548 1156 3599 ssd

159 3647 236 3696 etiam
261 3643 410 3698 occidisset:
440 3642 598 3694 namnidon
618 3641 710 3693 abortu
732 3642 820 3711 periit.
867 3640 950 3692 luline
967 3639 1084 3692 abortum
1108 3655 1156 3692 sno

160 3751 233 3790 more
252 3737 374 3787 describit
391 3736 522 3788 Iuvenalis
541 3736 633 3789 1129:

271 3830 361 3893 Qualis
379 3839 436 3882 erat
455 3848 537 3899 anper
555 3831 655 3896 tropico
673 3829 785 3896 pollutas
803 3828 904 3878 edaciter

265 3921 426 3984 Conwbilu5
453 3925 495 3988 qni
513 3933 573 3975 tune
590 3922 657 3990 iopes
676 3922 815 3973 revocabat
832 3937 938 3972 amaras

269 4013 389 4066 Omnibus
410 4021 485 4079 nique
502 4015 564 4080 ipsis
587 4014 681 4065 Veneri
698 4015 828 4081 Martique
848 4012 981 4075 timendae,

270 4108 333 4159 Cum
350 4115 386 4158 tot
404 4105 526 4156 abortivis
542 4104 679 4167 faciendam
699 4104 767 4154 lolia
786 4102 888 4152 sulcam

270 4202 386 4253 Solveret
404 4209 427 4252 et
442 4207 536 4268 patruo
556 4198 650 4252 similes
669 4197 810 4266 effiinderet
828 4199 900 4266 offas.
