3058 5026
373 525 413 588 42
774 530 936 594 -Ocravme

372 710 488 774 Partum
512 710 669 774 ominatur.
711 712 841 778 lnlerum
864 715 954 778 sedes
976 720 1062 778 toros

375 817 503 880 Stabiles
525 805 641 882 loturos
663 822 792 900 spondet
813 829 955 886 aeternae
977 822 1093 886 domus.

267 910 272 920 '
373 925 478 1007 lugulo
499 927 579 1007 quod
599 944 702 988 ensem
724 927 858 990 condidit
880 929 1018 1008 princeps
1042 934 1119 1006 tuus,

375 1031 456 1093 Bella
484 1033 562 1094 haud
584 1035 733 1110 movebit,
752 1053 828 1114 paco
850 1035 906 1096 sed
924 1036 1034 1098 terrum
1058 1041 1149 1116 teget.

374 1139 530 1221 Recoltigc
553 1141 693 1217 animum,
712 1143 815 1222 recipe
836 1143 996 1222 laetitiam,
1017 1160 1147 1222 precor,

375 1247 495 1308 Timore
517 1247 613 1327 pulso.
656 1247 761 1310 Redde
783 1255 814 1310 te
837 1247 974 1310 thalamis
995 1251 1063 1310 tuis.

777 1356 971 1434 Poppaea.

378 1459 508 1521 Delubra
530 1467 559 1522 ct
584 1478 654 1523 aras
674 1467 778 1542 petere
800 1462 939 1526 constitui
959 1478 1084 1538 sacraS,

379 1567 482 1628 Caesis
503 1568 588 1630 litare
613 1569 741 1632 victimis
762 1587 872 1663 numen
896 1569 995 1646 denum,

338 1721 339 1724 ,
379 1675 417 1737 Ut
438 1678 594 1756 expientur
613 1679 711 1740 noctis
734 1684 764 1740 et
779 1680 882 1744 ¹somni
902 1677 1001 1740 minae

380 1783 548 1864 Terrorque
569 1785 599 1845 in
621 1786 725 1847 hostes
747 1784 853 1846 redeat
874 1785 1017 1846 attonitus
1039 1799 1133 1844 meos.

380 1891 417 1952 ta
435 1898 505 1952 vota
528 1908 583 1970 pro
605 1909 653 1953 me
675 1892 795 1970 suscipe
818 1897 849 1952 et
866 1891 1007 1970 precibus
1030 1890 1087 1968 piis

380 1999 512 2080 Superos
535 1997 649 2076 adora,
672 2005 773 2060 manet
791 2005 823 2060 ut
844 2015 991 2078 praesens
1012 2004 1117 2060 metus.
1168 2028 1176 2040 ·

776 2103 944 2166 Chorus

157 2199 360 2298 ⁹⁰⁰⁹“e‘tmnssslin-
498 2210 529 2272 Si
549 2225 622 2271 vera
644 2210 755 2288 loquax
775 2211 853 2272 lama
876 2210 1005 2271 tonantis

158 2270 360 2412 ffi‘gpgt't’fflss
495 2317 583 2378 Furta
603 2323 633 2378 ct
653 2321 757 2396 gratos
780 2322 882 2377 narrat
903 2331 1041 2392 amores,

172 2381 186 2421 ⁸
260 2399 265 2408 ⁸
495 2424 589 2496 Quem
611 2424 700 2486 inodo
724 2423 825 2486 Ledae
846 2425 996 2505 pressisse
1018 2424 1115 2486 sinum
1163 2482 1168 2491 .

494 2531 616 2594 Tectum
638 2532 743 2612 plumis
764 2533 930 2612 pennisque
957 2531 1075 2608 lerunt,

494 2635 585 2698 llodo
608 2658 663 2720 per
684 2637 791 2700 lluctus
814 2644 928 2719 raptam
951 2638 1091 2734 Europen

410 2844 476 2888 i'ldti.
505 2846 536 2898 etl
551 2843 679 2888 Gronoulus
695 2851 725 2888 tu.
812 2843 859 2888 ldl.
888 2842 1006 2894 legendum
1022 2842 1108 2884 uidetur
1124 2847 1216 2886 camuel.

442 3039 502 3091 tao.
540 3045 564 3088 ct
580 3046 661 3089 outae.
687 3037 831 3088 Gronovius
853 3043 879 3086 tu
898 3044 957 3086 vota
976 3035 1158 3097 desiderabat3
1187 3035 1270 3100 possis
1290 3036 1366 3085 etiarn

371 3141 398 3184 to
424 3142 448 3184 ct
469 3140 529 3183 eota
548 3131 679 3182 scribere:
708 3132 754 3184 sod
776 3137 890 3198 praestat
910 3130 973 3182 nihil
993 3140 1109 3194 mutare,
1134 3132 1155 3182 si
1185 3129 1286 3196 quidem
1309 3131 1365 3195 ipse

369 3226 488 3276 lloratius
507 3225 682 3276 limatissimus
702 3232 852 3290 poetarum,
882 3234 1018 3294 postquam
1044 3225 1077 3274 de
1102 3231 1187 3274 ‘semet
1211 3224 1269 3288 ipso
1292 3222 1366 3288 plura

369 3316 501 3385 praelatus
520 3324 572 3382 cst,
604 3318 630 3368 in
651 3317 719 3367 hunc
739 3316 841 3370 modum
861 3320 947 3387 pergit
966 3317 1049 3370 Oarm.
1067 3317 1102 3368 tv
1119 3318 1134 3370 2
1153 3316 1188 3368 33
1207 3317 1233 3367 c't
1253 3315 1305 3380 40,
1333 3317 1365 3367 ad

369 3411 453 3464 lulum
471 3411 610 3468 Antonium
630 3428 790 3464 conversus:

604 3504 733 3556 concines
750 3506 849 3556 madore
863 3511 942 3572 poeta
957 3503 1057 3572 plectro

602 3597 743 3650 caesarem
765 3607 816 3650 cet.

600 3692 728 3746 concines
748 3693 877 3758 laetosque
895 3690 949 3741 dica
968 3697 992 3740 et
1007 3691 1078 3742 arlia

599 3787 730 3838 Pollicem
750 3785 836 3836 ludum
854 3790 905 3834 cet.

437 3879 497 3932 tut.
532 3887 618 3930 manet
635 3888 663 3930 ot
678 3895 802 3948 praesens
818 3885 913 3928 anctos:
945 3877 1064 3928 manandi
1093 3878 1200 3928 verbum
1227 3893 1284 3928 cum
1303 3877 1360 3927 aliis

366 3973 393 4024 iu
414 3973 479 4025 locis
496 3987 547 4024 non
565 3973 600 4022 ita
620 3970 717 4021 dicatur
735 3977 762 4020 ut
789 3969 856 4020 idem
875 3968 961 4020 vulcat
981 3985 1012 4020 ao
1031 3971 1148 4038 distinere
1172 3979 1359 4030 cinnamomo,

366 4069 444 4118 immo
462 4077 490 4118 ut
508 4083 550 4118 res
567 4080 634 4134 quac
654 4071 739 4116 manat
758 4046 913 4117 diffundatur
933 4064 1051 4132 quidem,
1078 4078 1129 4112 non
1158 4069 1242 4110 tamon
1259 4075 1359 4110 ,evanc-

367 4165 431 4222 scal,
451 4158 496 4210 scd
516 4159 601 4224 potius
617 4155 737 4207 dilatetur
757 4154 910 4222 etamplius
932 4157 1042 4221 spatium
1059 4160 1187 4216 occupet,
1208 4151 1293 4218 possis
1313 4170 1359 4206 su·
1521 4109 1526 4186 A
