3078 5016
381 543 409 606 X
766 541 982 606 Panararrours

384 729 444 784 tem
463 720 594 784 Neronis
617 719 720 782 drama
749 739 835 785 suum
867 723 1053 802 composuit,
1081 722 1138 802 ipsi
1162 726 1262 782 lamen
1286 723 1384 782 adole
1411 807 1415 812 ἱ

383 846 543 908 supparem
570 829 672 890 luisse.
715 829 874 892 Eiusmodi
895 830 980 892 loeus
1000 836 1048 902 est
1070 847 1099 890 v.
1123 827 1303 906 194-196‚
1335 828 1385 890 ubi

387 935 425 997 de
446 936 524 1000 Aeta
545 935 652 998 liberto
676 936 745 998 olim
769 955 786 998 a
806 937 927 1000 Nerone
949 937 1086 998 adamata
1110 935 1187 1000 haec
1211 935 1397 998 tradunturz'

367 1065 370 1072 ⁴
472 1041 540 1104 lam
560 1044 663 1109 metuit
684 1043 788 1104 eudem
810 1089 818 1107 .
842 1091 850 1106 .
873 1089 912 1110 ..

468 1145 611 1208 Subiecta
631 1153 660 1206 et
679 1147 821 1222 demde,
844 1155 934 1228 atquc
953 1152 1142 1210 monumento
1161 1150 1311 1228 meoet,

469 1252 586 1326 Quibus
608 1253 743 1314 timorem
763 1255 854 1332 [osso
874 1261 1002 1314 testetur
1021 1273 1120 1315 suum.

383 1359 483 1422 Acten
513 1359 551 1420 de
572 1358 701 1421 Neronis
734 1379 836 1422 amore
869 1361 1017 1423 deiectam
1050 1361 1155 1423 neseio
1188 1360 1384 1422 euinumini

383 1463 491 1526 aedem
524 1465 669 1526 struxisse
697 1464 799 1526 dieunt
830 1467 1027 1546 interpretes,
1060 1468 1115 1528 sed
1144 1474 1335 1528 monumento
1356 1467 1383 1530 si

383 1571 492 1650 templa
517 1570 642 1634 deorum
665 1572 823 1650 dicuutur,
848 1573 970 1634 excelsa
993 1579 1023 1634 et
1043 1573 1139 1654 ampla
1161 1573 1298 1636 aedilicia
1319 1573 1383 1634 lere

379 1676 609 1756 significantur:
645 1678 682 1740 iis
716 1685 814 1742 autem
850 1680 1017 1742 aedificatis
1050 1679 1202 1760 quomodo
1244 1681 1380 1742 timorem

380 1799 467 1845 suurn
488 1782 578 1844 lateri
601 1781 678 1844 Acte
708 1784 847 1862 polluerit,
867 1783 1029 1846 nemodum
1049 1785 1219 1863 explicavit.
1261 1779 1383 1847 lleelius

381 1890 474 1968 igitur
499 1889 536 1949 de
558 1890 757 1950 monumentis
773 1893 803 1965 ²)
826 1889 1060 1968 sepulcralibus,
1092 1907 1168 1968 quae
1196 1891 1253 1952 sibi
1276 1898 1383 1970 poste·

382 1994 485 2073 risque
505 1996 567 2058 suis
591 2001 731 2088 tanquam
761 1995 849 2076 signa
877 1998 983 2066 mortis
1003 1998 1143 2059 instantis
1164 1997 1250 2060 Acte
1266 2015 1382 2076 posue-

383 2102 431 2178 rit,
452 2102 663 2182 cogitabimus.
716 2101 776 2166 Sed
798 2103 847 2167 vel
877 2105 923 2165 sic
946 2110 1007 2166 tota
1032 2122 1081 2168 res
1103 2111 1162 2166 tam
1184 2095 1293 2181 exilis,
1322 2112 1381 2166 tam

284 2231 317 2275 ·,
383 2207 564 2271 secundaria
591 2215 657 2286 est,
684 2215 717 2270 ut
746 2209 811 2270 eius
832 2212 1077 2272 commemoratio
1108 2228 1171 2273 non
1195 2213 1253 2274 nisi
1275 2211 1312 2274 ab
1335 2229 1383 2288 eo,

388 2315 439 2395 qui
462 2317 525 2376 suis
546 2316 642 2378 oculis
663 2333 740 2395 quae
755 2316 832 2380 Acte
854 2318 957 2380 molito
980 2324 1027 2380 est
1045 2319 1094 2380 vel
1117 2320 1182 2382 eius
1204 2321 1305 2400 operis
1328 2338 1382 2382 re·

385 2421 494 2501 liquias
517 2421 653 2502 vidisset,
676 2424 847 2504 exspectari
870 2424 1130 2504 possevidealur.
1173 2425 1242 2488 Alio
1262 2425 1380 2490 fabulae

381 2528 452 2592 loeo
480 2537 524 2606 (v.
546 2528 627 2608 695)
649 2530 749 2592 nutrix
769 2531 807 2592 ad
828 2531 994 2612 Poppaeam
1016 2531 1089 2594 dieit

553 2635 648 2710 Quem
669 2639 850 2720 (Neronem)
874 2646 942 2700 tuna
963 2638 1041 2717 cepit
1061 2637 1153 2700 decor

550 2741 592 2802 Et
612 2745 702 2824 culpo
722 2745 864 2809 Senecae.

380 2848 478 2911 Etiam
501 2849 540 2910 de
563 2849 623 2911 hae
646 2866 698 2927 re,
732 2849 770 2910 de
795 2850 853 2912 hae
873 2852 1011 2916 Senecae
1041 2849 1127 2930 eulpa
1156 2848 1229 2912 nihil
1258 2848 1378 2911 aliunde

385 2957 575 3038 necopinum,
598 2956 671 3019 nihil
691 2956 825 3020 referunt
852 2975 951 3044 rerum
979 2959 1142 3038 scriptores
1173 2958 1284 3037 alioqui
1305 2957 1378 3018 satis

386 3063 546 3144 diligentes
579 3066 610 3126 in
642 3065 778 3130 Senecae
809 3067 900 3128 rebus
931 3072 962 3128 ct
994 3067 1129 3131 moribus
1158 3063 1378 3128 describendis.

381 3169 483 3242 Qualis
506 3169 591 3247 culpa
615 3170 676 3230 diei
697 3170 845 3246 videatur,
868 3174 898 3231 iu
920 3171 1114 3234 adnotatione
1141 3171 1179 3231 ad
1204 3171 1233 3230 lr.
1256 3170 1274 3229 l.
1299 3169 1379 3230 seri-

377 3283 428 3362 ptn
457 3274 651 3354 probabiliter
671 3275 811 3337 indicavi.
863 3273 923 3338 Sed
955 3291 992 3336 aa
1014 3291 1065 3336 res
1098 3292 1201 3336 rursus
1232 3275 1300 3336 talis
1322 3283 1378 3355 est,

377 3389 411 3446 ut
429 3400 491 3446 non
514 3381 602 3444 facile
621 3382 680 3447 nisi
701 3383 739 3443 ab
761 3382 883 3442 homine
906 3382 1023 3460 aequali
1044 3380 1104 3442 hoe
1129 3380 1220 3443 modo
1244 3399 1380 3444 comme-

380 3491 493 3554 morari
520 3493 659 3568 poluerit.
701 3489 861 3552 Praeterea
890 3488 926 3551 ab
952 3487 1019 3552 aliis
1047 3489 1106 3550 iam
1136 3489 1375 3552 animadversum

450 3672 478 3742 2)
498 3671 537 3723 cf.
556 3671 662 3724 Sueten.
682 3671 742 3722 Ner.
762 3671 811 3722 50:
841 3671 964 3738 reliquias
992 3671 1124 3740 (Neronia)
1144 3669 1244 3737 Eeloqe
1270 3679 1295 3720 et
1312 3669 1378 3720 Ale-

380 3765 496 3815 oearadrs'o
515 3766 629 3817 nutrices
651 3782 707 3816 com
723 3765 789 3816 Acte
817 3763 961 3816 concubina
984 3765 1075 3834 perutili
1097 3765 1268 3816 Domitiorum
1285 3779 1378 3813 monu-

379 3867 462 3908 mento
483 3839 670 3923 condiderunt,
699 3861 765 3926 qued
780 3862 937 3928 prospicitur
961 3877 975 3912 e
999 3877 1088 3930 campo
1109 3861 1207 3912 Martio
1235 3857 1378 3924 impositum

380 3952 600 4004 collibertorum.
637 3955 665 4003 ire
683 3969 712 4003 co
729 3963 890 4005 monumento
909 3963 958 4004 eet.
996 3953 1106 4005 fortasse
1130 3953 1217 4006 sedem
1237 3947 1377 3998 contermi-

382 4061 441 4097 nam
458 4063 506 4100 suo
523 4055 688 4100 monumento
706 4047 772 4098 Acte
793 4049 967 4118 acquisiverat
991 4049 1035 4101 vel
1055 4049 1122 4099 deno
1141 4061 1157 4095 a
1174 4043 1278 4096 Nerone
1298 4055 1377 4092 accc-

379 4147 460 4204 peret.
