3078 5016
403 580 469 645 xvi
760 656 765 670 Ι
800 579 1022 644 Pnarrarroms

404 761 461 822 tius
482 766 551 838 post
574 756 686 822 obitum
707 760 837 824 Neronis
859 762 970 840 scripta
992 765 1041 822 eat
1063 765 1093 822 et
1115 760 1261 835 recitata,
1281 766 1316 833 ut
1333 766 1399 822 sta-

403 866 458 928 tuit
479 857 680 942 wolckerus,
710 867 779 945 quid
809 867 929 928 tandem
954 865 1155 928 eontumeliae
1186 864 1256 926 huie
1285 869 1397 928 norniui

403 973 628 1036 adhaerescere
649 974 743 1052 potuit
767 975 797 1034 iu
819 991 879 1050 eo,
912 977 962 1052 qui
985 975 1106 1036 nornine
1129 973 1259 1034 Neronis
1282 973 1402 1036 claudit

403 1081 480 1161 apud
503 1098 609 1142 omnes
629 1079 767 1142 homines
790 1083 929 1160 cognitus
949 1087 1014 1142 erat
1034 1087 1065 1142 et
1079 1079 1229 1141 -inlamis‘l

488 1188 550 1248 llas
579 1188 670 1267 igitur
696 1189 817 1248 nomina
846 1188 967 1248 Domitii
1001 1204 1038 1248 ae
1070 1187 1200 1248 Neronis
1223 1185 1396 1264 explicandi

402 1292 468 1356 vias
486 1309 557 1356 ,cum
579 1297 643 1352 tuto
666 1290 785 1371 ingredi
808 1308 868 1352 non
894 1292 1062 1370 possimne,
1095 1291 1181 1355 aliern
1205 1294 1396 1371 adquiramus

401 1404 520 1460 eloam
542 1397 662 1477 quidem
685 1413 762 1474 quae
783 1395 863 1456 haud
886 1396 977 1476 longe
998 1404 1157 1476 repetatur.
1192 1397 1314 1458 scilieet
1328 1399 1396 1460 Do-

399 1503 497 1566 mitius
519 1503 548 1564 ei
569 1502 689 1564 tabulae
710 1519 822 1564 nomen
842 1503 916 1579 luit,
946 1504 1027 1582 quod
1047 1506 1074 1564 is
1096 1504 1145 1581 qui
1166 1503 1292 1581 posthae
1314 1503 1394 1565 blero

402 1611 634 1691 cognominatus
655 1616 702 1670 est
725 1626 763 1670 eo
787 1615 933 1688 tempore,
956 1627 1087 1688 queres
1110 1617 1287 1689 argumento
1308 1611 1394 1674 buius

399 1725 585 1798 praetextae·
606 1723 746 1778 conserta
775 1715 938 1794 agebatur,
971 1713 1103 1776 nondum
1126 1711 1209 1774 Nero
1238 1716 1393 1794 Claudios,

398 1824 454 1885 sed
475 1831 545 1884 tune
566 1821 717 1884 Domitius
739 1819 940 1880 Aenobarbes
964 1826 1090 1882 vocatus
1112 1827 1169 1893 est,
1193 1823 1273 1900 quod
1298 1842 1392 1902 puero

396 1929 546 2006 Donatio,
569 1911 631 1990 nori
652 1929 779 2009 principi
799 1925 915 1986 Neroni
936 1927 1049 2006 primae
1070 1933 1171 2006 partes
1194 1929 1392 1994 demandatae

398 2042 493 2098 erant.
537 2035 625 2108 Quod
646 2041 804 2112 antequam
825 2032 944 2112 longius
964 2049 1151 2112 persequar,
1178 2035 1275 2100 leetor
1291 2041 1392 2118 respi.

397 2145 457 2204 ciat
479 2143 569 2204 velirn
593 2143 744 2224 paulisper
774 2141 813 2203 ad
833 2140 919 2204 locos
940 2141 1009 2201 illos
1032 2158 1121 2220 supra
1145 2151 1189 2221 (p.
1204 2143 1281 2206 Xlll.
1306 2145 1390 2222 XIV)

396 2269 436 2310 ex
461 2249 591 2329 Dialogo
621 2249 756 2312 Tanitino
788 2267 815 2310 c.
838 2249 858 2308 3
885 2255 916 2308 et
939 2249 974 2307 il
1003 2246 1063 2308 huo
1097 2251 1303 2329 transcriptos.
1355 2249 1389 2314 ln

396 2357 497 2436 priore
519 2344 638 2419 Marcus
668 2356 751 2435 Aper
778 2354 907 2433 loquitur
935 2360 966 2414 et
995 2356 1021 2414 is
1043 2371 1117 2416 vero
1146 2357 1268 2418 nomine
1299 2360 1389 2420 amiei

328 2487 329 2498 ¹
396 2465 441 2526 sui
462 2462 592 2526 fabulam
611 2463 772 2526 Domitium
792 2460 936 2540 appellat:
972 2462 1004 2523 in
1027 2461 1122 2524 altero
1144 2462 1294 2526 lllatemus
1315 2483 1389 2545 per-

395 2571 514 2651 vulgata
533 2569 656 2632 lieentia
676 2571 777 2648 utitur,
800 2587 867 2631 eum
890 2586 969 2646 eum,
990 2570 1040 2649 qui
1064 2585 1119 2631 suo
1143 2572 1387 2634 nominebomi-
1412 2611 1421 2620 ·

349 2733 351 2740 .
394 2679 451 2738 tius
473 2683 599 2738 a'ooatus
620 2683 683 2754 est,
705 2677 826 2740 nomine
848 2683 917 2755 post
938 2684 1089 2756 assumpto
1111 2677 1261 2739 Neronem
1284 2679 1391 2758 appel-

393 2783 480 2844 lavit:
513 2783 573 2842 hoe
595 2783 674 2847 enim
696 2785 819 2844 nomine
850 2783 966 2844 facilius
989 2790 1020 2842 et
1050 2784 1136 2844 eitius
1158 2801 1246 2862 quem
1270 2783 1386 2844 diceret

392 2889 582 2953 audientibus
604 2890 633 2950 in
656 2889 831 2950 memoriam
850 2887 978 2967 redegit
1013 2889 1065 2951 Sin
1086 2895 1191 2950 eontra
1212 2906 1316 2950 verum
1337 2890 1387 2950 la·-

392 2997 479 3079 bulae
501 3013 609 3058 nomen
633 2992 715 3054 Nero
740 2992 858 3070 luisset,
881 2991 964 3054 'nihil
985 3000 1050 3055 erat
1083 3013 1137 3056 cnr
1165 2995 1282 3056 Marcus
1303 2995 1386 3074 Aper

391 3099 514 3162 Domitii
534 3116 643 3162 nomen
665 3101 695 3158 in
719 3100 855 3161 oratione
878 3116 932 3160 sua
953 3106 1089 3178 poneret,

474 3206 533 3269 Sed
555 3205 632 3266 haee
653 3202 823 3280 explicandi
845 3205 921 3262 ratio
944 3210 1004 3263 tum
1032 3205 1148 3264 demum
1173 3205 1251 3265 bene
1272 3221 1307 3266 se
1327 3204 1385 3266 ba-

390 3314 493 3390 bebit,
520 3329 597 3387 curn,
622 3309 774 3389 quomodo
809 3327 883 3389 puer
908 3311 1055 3372 Domitius
1085 3311 1195 3388 primas
1219 3317 1321 3390 parles
1352 3313 1383 3371 in

390 3427 543 3503 praetexta
562 3419 688 3482 Materni
710 3419 861 3482 sustinere
888 3419 1038 3497 potuerit,
1055 3418 1254 3498 probabiliter
1275 3425 1384 3480 osten-

389 3528 531 3589 derimus.
574 3525 606 3585 ld
629 3526 719 3604 igitur
741 3543 822 3588 nune
843 3542 977 3604 agamus.
1352 3595 1356 3600 ,

476 3632 555 3694 Satis
576 3637 678 3694 notum
702 3636 748 3690 est
771 3637 802 3692 et
823 3647 840 3690 a
864 3631 967 3692 'facito
999 3631 1093 3705 (Anu.
1116 3629 1158 3690 Xl
1183 3631 1238 3701 12)
1269 3631 1380 3694 Sueto-

387 3740 500 3817 nioque
521 3738 604 3814 (Ner.
626 3735 663 3813 6)
686 3736 834 3812 traditum,
852 3737 975 3816 primam
992 3737 1114 3798 Domitii
1137 3743 1265 3798 aetatem
1281 3738 1378 3800 multis

386 3843 527 3924 perieulis
552 3845 703 3905 obiectam
734 3844 851 3921 brisso,
884 3844 909 3904 si
940 3843 1058 3922 quidem
1078 3844 1196 3906 Valeria
1218 3843 1379 3904 Messalina

387 3945 500 4012 Claudii
525 3949 664 4010 Caesaris
687 3965 765 4009 uxor
788 3955 819 4008 et
835 3949 921 4009 matri
941 3949 1069 4012 Neronis
1090 3936 1273 4030 A'grippinae
1294 3966 1377 4008 sern-

387 4077 441 4137 per
473 4059 589 4118 inl'ensa
627 4057 720 4137 ipsum
752 4061 891 4134 tanquam
925 4055 1089 4119 Britannici
1123 4055 1267 4116 aemulum
1303 4054 1375 4116 odio

386 4165 629 4242 persequebatur.
663 4162 791 4224 lnl'estus
814 4162 879 4224 eius
900 4164 935 4225 in
952 4164 1110 4226 Domitium
1132 4162 1247 4223 animus
1268 4159 1374 4224 favore
