3058 5026
455 543 530 606 Aer.
541 543 577 606 V.
602 543 687 606 Vnus.
698 543 874 606 itta-861.

589 724 703 790 Nero.

172 827 208 888 Et
230 827 289 887 troc
310 831 357 886 sat
378 827 450 888 est?
491 827 541 890 Sic
561 828 647 890 mites
669 827 777 890 audisti
799 827 929 890 ducem?

173 933 369 1012 compescis?
410 933 493 996 Haec
515 934 647 996 vindicta
671 935 798 997 debetur
815 936 915 998 mihi?

536 1041 780 1103 Praefectus.

96 1151 155 1205 850
172 1147 319 1209 Cecidere
342 1152 439 1208 motus
462 1147 543 1228 impii
565 1145 647 1209 ferro
673 1145 776 1210 duces.

589 1253 695 1316 Nero.

172 1363 276 1436 Quid?
298 1363 345 1423 itta
370 1363 467 1441 turba,
488 1367 592 1442 petere
616 1377 693 1442 quae
717 1359 842 1422 flammis
861 1377 946 1422 meas

171 1469 252 1530 Ausa
277 1477 324 1530 est
344 1476 481 1549 penates,
502 1468 629 1548 principi
650 1467 749 1547 tegern
770 1466 862 1543 dara,

170 1573 355 1640 abstrahere
378 1577 490 1638 nostris
514 1575 673 1656 coruugenr
696 1574 909 1652 carantonia,

172 1683 302 1762 violare,
325 1689 464 1762 quantum
487 1681 580 1755 linuit,
601 1681 716 1742 incesta
741 1695 832 1740 manu

96 1795 152 1847 855
170 1791 208 1852 Et
227 1807 304 1852 roca
328 1790 416 1870 dira,
439 1789 539 1851 debita
558 1789 792 1868 poena-vacat?

537 1894 793 1956 Praefectus.

170 2004 301 2067 Poenam
324 2001 412 2064 dolor
433 2004 595 2065 constituet
616 2003 646 2061 in
670 2003 753 2062 cives
775 2003 873 2063 tuost

591 2107 707 2192 Nara.

172 2217 348 2295 constituet,
368 2223 452 2279 aetas
473 2215 552 2278 nulla
576 2234 663 2296 quarn
687 2213 784 2276 famae
808 2213 928 2276 eximat.

374 2385 376 2390 ,
535 2322 784 2384 Praefectus,

171 2433 266 2506 Quam
288 2439 434 2511 temperet
454 2449 516 2495 non
540 2433 602 2508 ira,
625 2446 686 2490 nan
708 2435 814 2489 noster
834 2427 948 2488 timor?

589 2535 706 2597 Nero.
758 2527 765 2536 '

82 2683 89 2690 -
170 2644 247 2712 Iram
269 2643 401 2724 expiabit
420 2643 514 2722 prima
538 2657 615 2720 quae
637 2638 744 2701 meruit
765 2655 872 2699 meam.

537 2746 788 2810 Praefectus.

97 2877 153 2932 860
172 2857 266 2932 Quam
286 2862 403 2936 poscat,
425 2854 494 2934 ede,
512 2861 617 2917 nostra
638 2872 678 2915 ne
700 2859 804 2933 parcat
823 2867 939 2914 manus.

592 2959 707 3022 Nero,

174 3069 305 3132 Caedem
327 3067 444 3131 sororis
465 3067 564 3148 pascit
584 3071 615 3127 et
636 3064 731 3127 dirurn
752 3069 850 3144 eaput.

232 3335 282 3381 849.
311 3334 463 3393 competetet]
475 3331 581 3378 ‘fortusse
596 3348 637 3382 cur
651 3331 754 3390 parete?
782 3333 882 3376 Borhtus.

173 3593 234 3659 quio
252 3590 413 3652 monstravit,
431 3585 597 3639 utNernnenr
616 3585 759 3653 perfectum
772 3591 906 3652 tyrannum
922 3595 949 3640 et
967 3591 1035 3642 omni
1053 3592 1166 3644 hunmna

173 3675 252 3739 sans'n
272 3684 420 3734 destitutum
440 3680 597 3734 luculentius
618 3682 729 3748 pingere
746 3688 843 3746 posset.

241 3777 303 3828 858.
348 3786 560 3846 quamtamparet
578 3777 709 3839 munira,
735 3791 788 3825 nan
813 3783 900 3825 noster
918 3775 1018 3826 timor?
1052 3774 1165 3844 loquitur

174 3873 207 3925 de
224 3871 366 3934 militibus,
386 3885 415 3922 se
434 3873 490 3938 ipso
509 3888 561 3922 non
580 3877 706 3938 excepto,
734 3885 781 3936 per
806 3872 869 3920 iram
888 3871 980 3920 noxios
1000 3877 1026 3920 et
1045 3869 1163 3920 innoxios

174 3971 244 4020 iuxta
267 3965 438 4017 trucidaturis.
479 3965 639 4031 temperandi
666 3979 743 4016 causa
768 3963 858 4016 subest
881 3965 989 4030 primurn
1014 3963 1082 4030 quod
1107 3963 1172 4012 irati·

174 4079 261 4115 sumus
282 4069 309 4112 et
326 4059 404 4112 facile
422 4058 523 4111 modum
542 4059 631 4125 egredi
656 4075 815 4128 passumus,
843 4066 896 4111 tum
919 4058 988 4125 quod
1014 4060 1052 4110 sic
1071 4059 1165 4111 ciuium

175 4163 299 4216 ultionem
320 4159 458 4212 timendam
475 4155 634 4224 habebimus.
