3058 5026
783 561 944 626 Ocruvrnr

506 738 597 799 Dedit
619 741 748 804 invictae
770 747 854 826 leges
875 709 1009 826 patriae,

508 844 618 907 Fasces
642 847 741 928 (lignis
766 851 881 912 civibus
902 852 988 926 olon,
1066 875 1068 890 ·

502 951 590 1012 lussit
608 952 713 1014 ltellum
734 971 915 1036 pacemque,
938 959 1018 1026 ieras

432 1103 437 1124 a
504 1059 615 1122 Gentes
638 1062 768 1141 donarit,
791 1073 896 1144 captos
916 1076 1028 1148 reges‘
1064 1069 1066 1076 ’

505 1167 635 1229 Careere
657 1171 791 1232 clausit?

505 1274 611 1335 Gravis
635 1293 673 1336 en
698 1277 792 1338 oeulis
811 1272 945 1357 ‘undique
966 1267 1080 1342 noslr'is

502 1380 564 1441 lam
586 1383 743 1462 Poppaeae
764 1371 1002 1471 lulget'imagO,

504 1488 604 1550 Iuncta
628 1491 750 1552 Neroni.
787 1471 828 1570 s

408 1593 409 1597 ’
499 1597 632 1677 Adligat
653 1597 742 1658 humo
765 1574 895 1660 lielente
918 1619 1023 1662 manus

501 1701 620 1766 Similes
643 1706 768 1767 nonium
785 1705 881 1766 vultus
902 1707 1065 1784 dominae,

499 1810 654 1889 lpsamque
677 1813 750 1872 toris
774 1812 911 1873 detrahat
933 1815 1016 1888 altis,

499 1919 582 1979 Petat
603 1918 706 1978 infelix
729 1937 800 1980 mox
820 1926 850 1980 et
870 1919 995 1982 llammis

499 2025 636 2105 'Pelisque
659 2025 715 2086 leri
738 2027 879 2106 principis
903 2024 1009 2088 aulam.

593 2357 790 2453 nonus
830 2323 1140 2474 Qunarvs

675 2559 818 2624 Nutrix
846 2563 1063 2642 Poppaeae.

163 2661 362 2759 llllss‘ss'lfflf⁸¹¹
379 2669 445 2742 0¹1⁰
466 2669 581 2749 [tepida
606 2688 744 2751 gressum
767 2671 906 2751 coniugis
927 2668 1126 2732 thalamis'tui

162 2778 363 2826 ¹³¹¹¹tt¹=⁵⁵³¹¹¹¹t¹¹⁸
376 2775 492 2854 Effera,
513 2776 648 2856 alumna,
671 2777 790 2858 quodve
810 2783 960 2838 secretum
981 2777 1059 2856 petis

445 2983 592 3037 682-684.
628 2987 716 3052 pravis
736 3003 769 3036 en
787 3015 824 3034 --v
839 2984 955 3050 Neroni:
986 2983 1049 3035 lieet
1065 2973 1211 3036 recitationi
1234 2993 1260 3036 et
1282 2984 1367 3034 lecto-

372 3080 443 3134 ribus
469 3080 534 3130 haec
561 3078 648 3128 fabula
668 3080 764 3145 scripta
782 3079 831 3142 sit,
861 3085 953 3128 auctor
979 3086 1064 3128 tamen
1093 3086 1189 3130 certam
1215 3079 1253 3128 rei
1279 3086 1369 3144 gestae

372 3189 476 3224 scenam
495 3173 543 3224 sibi
562 3174 719 3240 cogitatione
739 3173 893 3223 informavit.
939 3173 977 3224 sie
994 3173 1040 3222 ille
1060 3171 1109 3222 lroe
1129 3172 1187 3222 loeo
1213 3170 1369 3222 vestibulum

376 3266 451 3318 aulae
477 3268 639 3338 Neronianae
668 3269 752 3318 arrreis
771 3269 908 3335 Poppaeae
935 3276 962 3320 et
983 3267 1093 3318 Neronis
1115 3264 1269 3331 imaginibus
1290 3279 1368 3314 exor-

371 3370 457 3414 natum
476 3362 561 3412 auimo
580 3361 707 3427 concepit.
976 3345 978 3348 ¹

441 3457 502 3510 688.
526 3465 598 3524 petat
611 3456 722 3524 inseiis:
742 3456 843 3508 Grotius
857 3455 963 3522 'inseetis
982 3467 1028 3519 pro
1047 3450 1140 3518 infelix
1158 3447 1365 3499 substituendum

371 3550 464 3601 suasit:
485 3549 531 3601 sed
549 3549 613 3600 nihil
631 3550 777 3602 mutandum
794 3557 841 3600 est.
878 3565 903 3600 v.
923 3547 1009 3597 adnot.
1028 3545 1060 3596 ad
1082 3561 1107 3594 v,
1128 3541 1189 3596 644.

440 3643 500 3696 690.
538 3661 603 3713 quae
622 3646 664 3695 hie
682 3645 795 3711 loquitur
819 3643 905 3692 nutrix
924 3641 1082 3706 Poppaeae,
1111 3653 1164 3689 non
1179 3636 1364 3702 'confundenda

370 3711 545 3790 cum'uutrice
565 3741 687 3792 Octaviae
709 3740 735 3808 (i
741 3738 876 3807 1-271),
898 3735 953 3784 eius
973 3749 1067 3784 nomen
1087 3735 1113 3784 in
1135 3749 1304 3800 personarum
1322 3734 1364 3781 in-

370 3832 428 3882 dice
448 3831 550 3881 labulae
567 3834 714 3898 praeposito
733 3831 812 3898 vulgo
831 3830 972 3882 omittitur:
998 3828 1055 3894 ipse
1074 3827 1194 3896 supplevi
1215 3829 1289 3880 uncis
1310 3827 1364 3877 cir-

371 3926 552 3991 cumscriptum
1037 3977 1054 4016 χ

444 4022 504 4075 695.
541 4037 613 4088 prtem
633 4029 733 4071 tuuts-
755 4018 831 4086 culpo
850 4017 982 4068 Senecae:
1002 4016 1110 4084 pulchra
1127 4015 1208 4081 ipsius
1225 4012 1362 4076 Poppaeae

372 4115 453 4162 l'orma
471 4121 497 4164 et
514 4111 590 4179 eulpa
608 4113 724 4164 Serreeae
744 4112 872 4164 Neronem
890 4113 916 4162 in
937 4126 1049 4162 amorem
1070 4109 1140 4158 illi'us
1159 4099 1282 4165 illaesum,
1301 4100 1361 4151 <lein

373 4206 481 4256 Veneris
501 4209 616 4273 putentia
634 4207 711 4273 plane
728 4209 842 4260 vinetum
863 4224 923 4259 esse
943 4207 1027 4258 nutrix
1048 4201 1188 4268 profitetur.
1232 4211 1298 4264 quae
1316 4195 1361 4264 illa
