3078 5016
375 525 468 596 xxiv
760 525 986 592 Purernrrours

375 708 437 770 ludi
465 706 583 787 plurimi
609 703 679 766 lacti
708 708 777 766 sunt
799 702 873 778 (Dio
894 699 985 763 LXlll
1007 701 1047 762 Ml
1072 705 1103 759 et
1124 698 1205 776 91),
1239 700 1264 760 sl
1292 705 1372 775 tunc,

375 817 507 894 inquam,
529 812 609 875 hano
628 812 755 874 Materni
776 809 906 873 tabulam
926 810 1083 872 recitatam
1108 825 1177 868 esse
1199 813 1372 868 statuamus.

373 922 473 1000 Atque
496 919 573 980 haec
598 919 741 997 temporis
774 922 846 980 nota
872 917 982 978 ceteris
1016 917 1141 996 egregie
1173 915 1231 975 iam
1262 931 1374 975 conve.

374 1019 431 1104 nit‚'
452 1044 528 1106 quae
551 1025 589 1087 de
608 1025 735 1087 Materni
758 1023 1064 1103 studiisnccepimus
1120 1020 1243 1084 Scilicet
1263 1023 1371 1083 Domi-

376 1135 434 1196 tius
454 1135 549 1213 prima
569 1135 634 1194 eius
656 1131 755 1193 sabula
776 1131 829 1192 llrit
848 1137 878 1191 et
899 1129 986 1192 huius
1009 1129 1186 1191 recitatione
1211 1130 1374 1189 carminum

378 1243 505 1323 gloriam
527 1241 695 1318 auspicatus
718 1244 764 1299 est
776 1265 783 1310 ;
819 1254 890 1298 mox
921 1244 951 1298 et
973 1237 1072 1298 causis
1102 1235 1230 1316 agendis
1252 1253 1375 1315 operam

381 1347 465 1408 dedit
487 1352 518 1408 et
531 1345 670 1407 Medeam
692 1345 879 1427 tragoediam
901 1346 1082 1424 conscripsit
1103 1351 1133 1406 ct
1146 1345 1376 1424 Agamemnona

380 1452 477 1515 edidit
496 1459 561 1529 ¹⁰),
589 1452 718 1538 dentque
740 1452 884 1514 Catonem
915 1457 1099 1531 praetextam
1124 1453 1263 1513 recitavit
1285 1458 1372 1514 sexto

382 1561 560 1640 Vespasiani
582 1559 765 1637 consulatu,
795 1559 824 1620 lr.
847 1576 874 1620 e.
904 1574 985 1620 anno
1014 1565 1084 1637 post
1107 1557 1254 1620 Christum
1277 1566 1378 1620 natum

382 1668 605 1747 septuagesimo
626 1667 747 1747 quinto,
767 1665 904 1746 proximo
928 1665 977 1726 die
999 1672 1068 1726 ante
1090 1681 1177 1744 quam
1200 1666 1379 1744 colloquiunt

384 1773 455 1836 illud
476 1791 493 1834 a
516 1774 619 1834 Tacito
645 1774 825 1858 descriptum
848 1773 982 1840 habitum
1012 1789 1081 1834 esse
1105 1772 1208 1833 fertur.
1264 1771 1380 1836 Eodem

384 1887 519 1960 tempore
539 1878 717 1959 tragoediae
740 1894 840 1939 novae
868 1885 899 1939 et
916 1878 1062 1958 Thyestes
1091 1879 1254 1957 inscriptae
1283 1895 1380 1959 argu-

384 1993 515 2054 mentum
536 1988 615 2066 apud
636 1979 766 2048 animum
788 2002 873 2047 suum
896 1984 1070 2064 dispositum
1099 1985 1158 2046 iarn
1179 1985 1309 2046 habebat
1328 1990 1377 2062 ιι).

470 2096 528 2168 Qui
547 2112 622 2157 vero
646 2096 825 2176 praecipuus
846 2094 935 2156 huius
956 2095 994 2155 de
1015 2093 1145 2155 Domitio
1170 2091 1379 2173 disputationis

385 2203 500 2266 fructus
522 2199 679 2263 habendus
701 2201 830 2276 videtur,
851 2201 876 2262 is
897 2201 929 2262 ln
952 2215 990 2261 eo
1010 2201 1126 2280 positus
1141 2207 1187 2260 est
1204 2199 1284 2280 quod
1302 2217 1381 2260 nunc

390 2307 508 2369 demum
529 2306 679 2368 luculente
700 2313 845 2387 apparet,
883 2306 1036 2385 quomodo
1055 2305 1207 2368 Maternus
1227 2309 1297 2369 vivo
1319 2307 1385 2370 Ne-

389 2427 466 2473 rone
489 2411 621 2476 Caesare
641 2411 736 2491 ipsum
766 2412 798 2474 in
829 2409 928 2473 fabula
959 2419 1114 2492 praetexta
1148 2417 1257 2492 primas
1285 2420 1386 2495 partes

390 2519 586 2584 sustinentem
608 2518 753 2581 inducere
782 2526 932 2584 ettamen
954 2523 1021 2582 sine
1044 2519 1203 2584 manifeste
1226 2524 1306 2584 vitae
1326 2539 1385 2601 pe-

393 2629 489 2690 riculo
513 2627 681 2691 libertatem
704 2631 791 2692 uocis
813 2648 886 2692 suae
911 2633 986 2692 tueri
1008 2638 1038 2694 et
1058 2633 1096 2694 ab
1119 2611 1268 2693 adulando
1290 2631 1386 2692 absti-

393 2754 467 2800 nere
486 2743 600 2818 posset.
657 2739 732 2800 Nem
751 2739 894 2804 liberrimi
919 2742 1040 2819 spiritus
1066 2740 1235 2815 hominem,
1268 2738 1385 2820 qualem

298 2923 304 2934 ἱ
396 2863 436 2908 ex
456 2846 550 2908 Taciti
570 2847 700 2928 Dialogo
731 2848 927 2928 cognovimus
959 2853 1097 2927 vitaeque
1125 2847 1206 2908 exitu
1231 2862 1301 2908 sese
1324 2846 1389 2925 ipse

394 2954 549 3041 probavit,
586 2970 688 3017 coram
709 2955 829 3016 Nerone
852 2955 882 3015 in
906 2953 1094 3016 adulationes
1123 2954 1295 3036 prolapsum
1318 2967 1388 3013 esse

395 3080 547 3144 nunquam
570 3064 738 3126 credemus.
781 3063 923 3124 Nimirum
944 3079 1067 3140 puerum
1088 3061 1260 3138 Domitium,
1282 3061 1387 3122 florem

468 3303 512 3373 10)
530 3302 646 3354 Medeam
664 3303 691 3354 in
702 3303 810 3356 Materni
830 3305 970 3372 tragoediis
987 3305 1058 3372 Aper
1072 3306 1139 3374 apud
1150 3307 1264 3358 Tacitum
1285 3305 1389 3361 inDial.
1439 3315 1442 3322 '

394 3412 417 3448 c.
437 3398 455 3452 3
472 3397 587 3454 disertior
604 3407 729 3452 memorat
746 3407 773 3452 et
789 3416 812 3451 c.
833 3400 850 3453 o
868 3401 977 3452 eandem
996 3403 1102 3468 respicit
1119 3403 1146 3452 in
1166 3403 1297 3454 mentione
1315 3402 1389 3453 iaso„

391 3492 432 3542 nis
451 3506 580 3556 personae
597 3507 631 3544 ex
646 3495 737 3545 Medea
756 3503 883 3560 sumptae:
916 3497 959 3546 cui
980 3497 1044 3546 dono
1063 3504 1118 3558 est,
1143 3497 1168 3546 si
1184 3496 1255 3562 opud
1270 3481 1297 3546 n'
1314 3495 1389 3562 Apu-

394 3599 513 3636 memnon
530 3593 576 3636 aut
594 3587 674 3638 lason
687 3588 781 3638 Maesta
798 3589 932 3655 loquitur?
969 3588 1182 3656 quemadmodum
1201 3589 1228 3638 in
1247 3589 1287 3639 lrls
1304 3589 1391 3641 uerbis

395 3680 476 3732 Iason
495 3695 528 3732 ax
541 3695 604 3732 vera
618 3682 725 3734 Materni
744 3681 831 3739 tabula
851 3685 1011 3747 nominatur,
1035 3684 1075 3736 sie
1096 3685 1172 3734 etiam
1189 3683 1390 3752 Agamemnonis

393 3789 522 3841 personae
537 3777 746 3827 commemoratio
761 3776 876 3828 eiusdem
888 3778 999 3826 nominis
1013 3776 1171 3844 tragoediam
1185 3778 1292 3830 Materni
1307 3778 1389 3828 luisse

395 3869 552 3938 comprobat.
588 3872 621 3923 ei.
641 3871 773 3924 Welclrerl
793 3872 918 3940 Tragoed.
938 3873 1027 3924 Graec.
1043 3880 1059 3923 t.
1079 3872 1116 3924 lli
1136 3889 1161 3939 p.
1175 3858 1252 3926 1461.

466 3966 511 4034 11)
529 3966 607 4017 Tacit
631 3965 698 4018 litat.
716 3965 751 4017 3:
781 3967 869 4032 quodsi
891 3983 941 4032 qua
958 3965 1043 4018 amisit
1063 3968 1136 4029 Cato,
1156 3967 1270 4032 sequenti
1287 3966 1384 4014 recitu-

393 4061 462 4113 tiona
482 4061 598 4128 ngestes
619 4061 693 4114 dicet.
730 4061 799 4117 lenc
817 4061 885 4112 enim
904 4062 1064 4128 tragoediam
1094 4061 1206 4128 disposui
1231 4061 1284 4112 ium
1301 4068 1325 4111 et
1344 4060 1389 4110 in-

399 4163 441 4212 tra
460 4170 499 4210 noa
516 4155 570 4222 ipse
586 4134 705 4224 [armai.
