3058 5026
810 525 966 589 Ocrrvrru

517 707 651 768 Romana
672 706 743 784 suit,
769 724 932 786 verumque
954 723 1054 788 genus

515 813 616 874 Martis
638 815 668 875 in
691 812 749 874 illis
771 814 953 894 sanguisque
976 814 1057 875 viris.

514 915 556 976 itti
577 934 667 998 reges
689 917 745 978 trae
767 917 943 996 expulerunt

509 1022 597 1087 Urbe,
611 1018 780 1102 superbos,
801 1023 912 1104 ultique
933 1031 1000 1086 tuus

510 1129 585 1191 Sunt
607 1127 685 1190 nene
707 1145 833 1206 manes,
857 1129 966 1210 virgo,
991 1128 1096 1214 dextra

509 1237 605 1298 Caesa
626 1237 776 1316 parentis,
797 1254 836 1297 ne
859 1235 1012 1298 servitium

505 1343 647 1404 Paterere
667 1359 785 1423 grave,
806 1347 857 1404 aui
878 1341 1015 1420 improba
1037 1341 1130 1403 ferret

507 1449 640 1511 Praemia
661 1449 768 1510 victrix
789 1448 854 1511 dira
875 1421 995 1510 libido?

505 1555 547 1618 'ie
568 1573 687 1636 quoque
707 1555 815 1618 bellurn
837 1559 920 1620 triste
941 1562 1075 1618 secutum
1097 1562 1155 1634 est,

504 1659 635 1722 Mactata
656 1668 722 1738 tua,
742 1662 934 1740 miseranda,
956 1679 1062 1739 manu,

500 1767 575 1829 Nata
593 1768 733 1846 Lucreti,
926 1833 930 1840 ,

500 1872 637 1951 Stuprum
660 1873 743 1933 saevi
764 1889 854 1951 passa
877 1872 1004 1950 tyranni.

499 1978 589 2039 Dedit
613 1977 727 2039 infandi
752 1977 878 2039 sceleris
900 1992 1016 2056 poenas

501 2084 573 2146 Cum
594 2085 754 2164 Tarquinio
775 2085 868 2146 Tullia
887 2085 1016 2161 coniux,

499 2188 583 2260 Quae
604 2206 659 2266 per
682 2189 764 2249 caesi
786 2189 919 2249 membra
941 2191 1074 2272 parentis

497 2293 568 2374 Egit
587 2309 698 2354 saevos
719 2294 808 2373 impia
829 2311 952 2371 currus,

496 2399 672 2480 Laaeroque
697 2403 763 2462 seni
784 2402 916 2484 violenta
938 2418 1032 2484 rogos

497 2507 573 2571 Nata
598 2510 730 2588 negavit.
797 2533 800 2540 ¹

497 2615 580 2676 Haec
604 2632 724 2695 quoque
745 2615 806 2676 nati
828 2613 933 2676 videre
954 2613 1042 2676 nesus

495 2723 621 2786 Saecula
647 2741 802 2803 maguum,
823 2739 889 2782 curn
910 2719 1093 2799 Tyrrhenum

495 2830 570 2892 Bate
592 2829 677 2891 ferali
699 2829 839 2908 princeps
861 2832 977 2906 captam

496 2936 613 2998 Fraude
634 2942 787 3016 parentem
810 2934 889 2995 misit
912 2934 943 2993 in
965 2949 1089 3012 aequor.

496 3043 659 3124 Properant
681 3043 816 3124 placidus
839 3041 976 3121 linquere
996 3047 1100 3120 portus

497 3149 574 3211 lussi
595 3155 723 3223 nautae3
743 3155 887 3209 resonant
908 3147 999 3207 remis

498 3253 614 3315 Pulsate
637 3253 722 3314 ireta.

373 3486 455 3536 dimus
471 3501 534 3536 aeuo
545 3502 556 3550 ,·
575 3485 634 3535 inde
655 3486 725 3552 prius
743 3485 833 3536 vitium
853 3497 943 3534 omnes
963 3482 1056 3546 libros,
1076 3485 1206 3550 posterius
1225 3486 1365 3541 nonnullus

374 3579 518 3645 occupavit.
534 3559 536 3564 ¹
556 3578 661 3630 iormarn
679 3579 799 3646 prodimur
824 3579 867 3632 hie
884 3587 972 3630 nester
989 3595 1021 3629 ex
1040 3580 1158 3645 vestigiis
1176 3579 1267 3628 aetatis
1287 3587 1365 3630 vetu-

374 3681 429 3725 stae
447 3674 538 3737 tenuit,
559 3671 771 3740 quemadmodum
790 3673 866 3722 etiam
878 3671 994 3723 Catullus
1013 3673 1072 3724 dati
1093 3688 1140 3738 pro
1159 3673 1230 3724 dabis
1248 3672 1326 3725 cxvi
1339 3675 1364 3726 8.

374 3768 464 3820 eudem
483 3769 595 3833 pertinet
619 3765 686 3832 quud
708 3779 767 3816 mox
789 3780 813 3816 v.
830 3764 881 3817 293
904 3759 1040 3832 sequitur,
1068 3766 1220 3835 expulerunt
1246 3775 1365 3834 correpta

373 3860 529 3928 paenultima
549 3858 657 3926 syllaba.

442 3965 503 4017 313,
538 3971 681 4032 properant
700 3991 732 4002 --
748 3970 853 4030 pomus:
866 3961 944 4014 Tacit.
964 3964 1030 4015 Ann.
1051 3963 1108 4016 XIV
1127 3966 1161 4017 5:
1181 3974 1280 4015 noctem
1295 3965 1365 4015 side-

373 4045 443 4111 m‘bus
462 4060 595 4112 inlustrem
615 4067 639 4108 et
653 4057 757 4126 placida
778 4059 847 4110 utari
863 4060 987 4126 quietum,
1020 4061 1093 4126 quusi
1111 4058 1311 4112 convincendam
1330 4061 1366 4111 ad

374 4150 465 4215 scelus,
485 4154 511 4204 di
527 4153 679 4220 praebuere.
793 4189 798 4196 .
