3058 5026
648 1341 1158 1488 ⁴ADDITAMENTVbl·'

789 1629 978 1639 mm.—

511 1853 664 1932 luppiter,
685 1860 720 1915 at
739 1857 894 1936 Chalybon
915 1875 1001 1918 omae
1021 1871 1119 1942 penos
1138 1856 1256 1932 pereat.

701 1979 706 1987 '
725 1975 728 1979 '
958 1985 960 1990 ·
1058 1960 1184 2012 Catullus.

496 2123 529 2184 ln
551 2124 611 2186 hoo
638 2135 736 2190 vacuo
761 2130 884 2190 chartae
914 2131 1011 2208 spatio
1040 2125 1262 2205 intemperantis
1291 2123 1382 2184 animi

391 2230 547 2308 specimini
569 2231 688 2293 cuidam
714 2235 750 2294 ab
775 2235 809 2294 H.
834 2234 973 2295 Paldamo
994 2251 1090 2312 nuper
1112 2232 1194 2294 edito
1217 2247 1382 2303 cucumam,

391 2335 446 2397 sed
468 2354 556 2416 quam
582 2345 689 2418 potero
720 2339 909 2402 brevissime.
963 2339 1084 2402 Scilicet
1112 2338 1161 2399 ille
1182 2336 1381 2398 scholasticae

394 2444 565 2523 scriptionis
587 2449 807 2528 opportunitate
840 2448 880 2509 ita
902 2449 945 2508 uti
966 2447 1079 2524 voluit,
1109 2451 1143 2506 ut
1164 2445 1320 2508 Bianccnii
1343 2442 1381 2504 de

388 2559 488 2614 aetate
509 2550 640 2615 Cornelii
662 2551 742 2613 Celsi
772 2554 950 2614 sententiam
977 2571 994 2615 a
1017 2571 1065 2614 me
1096 2551 1165 2613 olim
1198 2549 1318 2610 modice
1350 2553 1381 2608 et

388 2658 535 2735 modeste,
553 2676 619 2719 cum
641 2656 722 2718 edidi
744 2656 823 2718 Celsi
844 2658 1035 2731 Medicinam,
1056 2655 1256 2737 impugnatam
1280 2653 1381 2715 vindi-

390 2769 509 2824 caturus
528 2778 588 2822 non
605 2761 701 2823 solum
725 2761 880 2822 doctrinae
902 2780 975 2840 opes
999 2771 1029 2822 et
1049 2762 1192 2823 iudicium
1216 2763 1380 2823 sedetiam

391 2867 592 2947 impudentiae
620 2884 703 2930 arma
726 2866 836 2928 auxilio
866 2867 1038 2930 advocaret.
1081 2868 1132 2931 Sic
1154 2867 1265 2930 lactum
1286 2875 1405 2930 estut·

379 2973 485 3033 statim
514 2971 551 3033 ab
579 2972 662 3034 initio
685 2971 895 3052 tranquillitate
922 2974 1011 3034 animi
1041 2973 1199 3037 destitutus
1229 2975 1378 3038 levitatem
1413 2965 1417 2972 ’

387 3079 418 3138 et
437 3078 667 3156 protervitatem
694 3087 738 3158 (p.
760 3079 797 3154 3)
825 3080 897 3140 mihi
918 3080 1085 3158 obiecerit,
1113 3100 1184 3143 mcx
1211 3088 1308 3142 autem
1331 3080 1380 3141 di-

385 3201 478 3264 gnum
503 3180 612 3263 aliquid
635 3190 717 3245 tanto
747 3185 831 3246 hiatu
861 3188 1103 3264 exspectantibus
1132 3187 1205 3248 nihil
1234 3187 1292 3246 nisi
1315 3187 1376 3248 hoc

386 3289 571 3366 ostenderit,
592 3306 662 3352 sese
684 3288 721 3350 de
744 3297 842 3352 aetate
864 3291 942 3352 Celsi
962 3292 1049 3354 aliter
1071 3293 1183 3352 sentire
1206 3297 1294 3370 atque
1318 3285 1378 3372 ego

386 3403 501 3476 septem
524 3395 633 3458 abhinc
659 3397 745 3458 annis
776 3415 813 3458 ea
837 3397 930 3460 dere
952 3399 1148 3461 indicassem:
1181 3398 1318 3459 nimirum
1340 3417 1379 3458 ex

388 3520 455 3564 mea
487 3503 707 3581 computatione
740 3503 858 3576 Celsum
887 3506 942 3566 sub
965 3503 1076 3566 'liberii
1106 3505 1271 3585 principatu
1299 3506 1379 3565 scri-

384 3610 493 3689 psisse,
515 3608 679 3670 secundum
702 3627 786 3670 suam
809 3612 887 3670 intra
910 3627 1006 3673 annos
1030 3610 1213 3686 735-765,
1240 3611 1301 3672 hoc
1321 3618 1378 3685 est,

383 3719 411 3779 si
431 3721 615 3796 postremum
636 3717 795 3778 terminum
827 3735 844 3776 a
866 3717 1005 3779 Paldamo
1028 3718 1099 3778 mihi
1121 3735 1300 3779 concessum
1323 3735 1378 3779 ac-

386 3822 510 3900 cipiam,
532 3818 648 3880 duobus
671 3820 806 3882 tribusve
826 3821 917 3882 anolo
938 3825 1008 3881 onte
1031 3839 1127 3907 quam·
1143 3840 1202 3903 ego
1226 3825 1290 3903 ipse
1313 3830 1378 3884 sta-

388 3927 449 3988 tui!
492 3925 548 3986 Hic
572 3943 662 3987 verus
685 3929 775 3988 totius
797 3945 907 3989 causae
930 3935 1023 3989 status
1047 3936 1101 3990 est.
1148 3930 1222 3992 Num
1244 3947 1294 3990 res
1314 3930 1377 4006 ipsa

386 4031 477 4112 digna
501 4030 619 4092 videtur
650 4033 689 4093 ob
721 4050 808 4112 quam
829 4033 984 4096 Paldamus
1007 4035 1106 4117 aliquo
1136 4037 1200 4096 iure
1233 4033 1377 4094 adversus

385 4153 433 4196 me
453 4135 675 4200 debacchetur?
692 4138 833 4235 Minime.
870 4139 945 4202 Num
967 4141 1039 4202 novi
1063 4137 1220 4217 quidquam
1243 4135 1281 4196 ad
1301 4152 1377 4197 cau·
1445 4181 1448 4188 .
