3058 5026
418 527 493 588 Aca.
507 525 529 593 l.
553 525 637 588 Vsus.
652 525 825 590 alt-990.

536 704 686 766 Nutrix.

138 815 296 875 Renovare
319 813 415 873 luctus
435 827 528 890 parce
550 829 617 873 oum
638 811 708 872 lletu
729 813 817 890 pios,

67 929 121 982 270
138 922 242 984 hlanos
261 921 395 999 parentis
417 935 495 979 neve
518 917 646 980 sollicita
670 923 757 993 tuae,

141 1030 256 1090 Graves
276 1025 386 1088 luroris
400 1042 485 1105 puae
508 1026 554 1087 sui
575 1041 691 1104 poenas
713 1023 826 1085 dudit'

541 1130 700 1193 Chorus.
778 1149 785 1164 ··

267 1237 350 1310 Quae
372 1235 450 1298 sama
471 1236 562 1298 modo
587 1238 670 1298 venit
689 1236 728 1297 ad
752 1253 857 1315 aures,

268 1344 385 1404 Utinam
407 1344 482 1404 lalso
506 1342 619 1404 credita
642 1342 749 1422 perdat

267 1449 388 1510 Frustra
410 1451 519 1510 totiens
541 1425 649 1510 iactata
669 1448 780 1526 fidem,

268 1556 332 1616 Neo
353 1572 432 1636 nova
451 1556 547 1615 nostri
569 1555 681 1614 coniux
703 1553 849 1615 thalamos
871 1617 874 1625 ,

247 1653 251 1659 ⁴
270 1662 416 1740 Principis
437 1662 549 1736 intret,
569 1666 730 1738 teneatque
752 1675 825 1720 suos

270 1771 364 1850 Nupta
385 1775 511 1850 penates
535 1766 658 1829 Claudia
680 1765 805 1845 proles:

274 1878 353 1939 Edat
375 1883 461 1956 partu
484 1876 612 1955 pignora
632 1875 736 1952 pacis,
784 1853 787 1861 Δ

276 1985 340 2056 Qua
363 1983 535 2062 tranquillus
558 1980 690 2060 gaudeat
712 1978 794 2040 orbis

275 2087 440 2163 servetque
461 2084 554 2145 decus
575 2084 669 2146 Roma
692 2092 855 2148 aeternum.

276 2191 387 2254 Fratris
409 2189 556 2252 thalamos
580 2192 685 2254 sortita
707 2199 791 2254 tenet

279 2298 408 2366 lllaxima
433 2297 527 2359 luno:
549 2315 639 2360 soror
656 2301 785 2380 Augusti

279 2405 399 2468 Sooiata
419 2405 495 2464 toris
520 2422 575 2465 our
595 2422 616 2464 a
638 2406 735 2483 patria

281 2509 401 2572 Pellitur
423 2509 515 2571 aula?
535 2515 639 2570 sancta
666 2509 735 2588 quid
756 2509 796 2570 illi

279 2614 406 2676 Prodest
425 2616 521 2694 pietas
545 2615 690 2694 divusque
711 2616 820 2696 pater?
906 2664 908 2668 .

280 2721 357 2794 Quid
380 2722 537 2802 virginitas
559 2728 718 2802 castusque
740 2722 879 2802 pudor‘t

279 2829 342 2890 Nos
363 2845 482 2908 quoquo
507 2830 602 2889 nostri
625 2846 725 2891 sumus
753 2831 944 2891 immemores

282 2935 352 2995 Post
370 2935 431 2994 fata
452 2934 555 3010 ducis,
578 2935 662 2994 ouius
683 2937 806 3014 stirpem

281 3036 430 3103 Prodimu’
453 3056 547 3100 saevo
568 3039 714 3102 suadente
734 3045 824 3102 metu

84 3170 140 3222 290
284 3148 362 3209 Vera
386 3148 518 3227 priorum
543 3147 637 3208 virtus
657 3147 807 3226 quondam

216 3353 264 3396 279.
294 3354 347 3409 qna]
364 3359 418 3406 puto
435 3355 492 3408 puls.
541 3339 543 3344 ¹
577 3350 625 3396 289.
655 3323 744 3394 codices
759 3353 855 3406 plerique
869 3354 987 3408 prodimus
1001 3365 1154 3403 saeaopnon-

216 3433 271 3474 nnlll
286 3435 402 3487 prodimus
417 3444 480 3476 aevo.

230 3591 291 3644 261.
327 3591 391 3643 illo:
411 3597 556 3658 corruptam
574 3589 640 3642 hano
660 3591 819 3658 pronominis
839 3591 947 3642 lormam
965 3607 1012 3658 pro
1029 3592 1154 3646 ilhsoBs·

161 3686 252 3736 deuius
270 3687 390 3751 aceepit,
418 3685 464 3736 sed
483 3684 509 3735 id
527 3693 633 3750 propter
649 3683 812 3750 subsequens
833 3681 871 3734 ad
885 3685 986 3750 stypios
1004 3693 1075 3735 toros
1091 3700 1154 3750 pro-

160 3777 215 3827 bari
234 3779 332 3844 nequit.
377 3781 460 3846 Stppii
476 3780 528 3830 tori
544 3786 604 3830 sunt
622 3779 664 3844 qui
686 3776 792 3828 eaedem
811 3793 842 3827 ao
859 3778 1000 3842 perniciem
1019 3779 1137 3831 afferunt.

234 3871 295 3923 289.
328 3873 453 3939 prodisnu'
475 3891 551 3926 saaoo
571 3874 694 3924 suadente
711 3882 797 3924 nictu:
827 3873 885 3924 libri
904 3876 992 3941 scripti
1013 3876 1153 3942 prodimus.

161 3969 186 4019 id
204 3968 334 4036 quomodo
355 3977 437 4019 ortum
460 3971 506 4033 sit,
527 3978 647 4036 corrupta
667 3968 765 4036 aliquot
785 3969 902 4020 codicum
922 3971 1065 4034 scriptura,
1090 3953 1153 4020 aevo

160 4078 207 4130 pro
228 4080 304 4115 saeuo
325 4063 518 4126 exhibentium,
546 4062 678 4113 luculente
696 4069 833 4113 monstrat:
864 4063 961 4128 quippe
981 4063 1063 4127 prima
1080 4063 1153 4116 vocis

160 4175 235 4210 saevo
255 4157 341 4210 littera
357 4158 476 4210 adhaesit
496 4164 609 4208 extrema
627 4154 792 4222 praecedenti
807 4155 934 4224 prodimo,
951 4163 980 4206 ut
999 4157 1072 4208 lieret
1087 4175 1151 4227 pro-

937 4263 960 4329 2

1150 1246 1260 1289 Octaviae
1286 1243 1349 1285 disct-

1151 1303 1210 1343 dlum
1227 1305 1248 1340 et
1262 1302 1350 1352 nuptlas

1150 1360 1267 1411 Poppaeae
1289 1367 1350 1396 nuer-

1152 1420 1213 1456 stttur
1229 1412 1303 1454 fautor
1311 1413 1351 1452 ho-

1152 1483 1237 1512 norum.
1267 1467 1323 1509 ldem

1152 1529 1229 1580 prioris
1249 1527 1298 1566 sevi
1321 1526 1352 1564 vt-

1153 1595 1190 1623 ros
1199 1580 1269 1622 fortes
1278 1591 1354 1628 regum

1153 1639 1275 1690 superbiam
1299 1637 1355 1676 exsi-

1153 1694 1184 1734 lio
1200 1691 1296 1743 rugaque
1308 1693 1355 1732 vin·

1155 1750 1253 1791 dicantes
1272 1746 1342 1788 laudi·

1154 1808 1196 1846 bus
1211 1804 1319 1854 cetebmt,

1156 1865 1290 1915 praesentem
1319 1861 1357 1900 tnr-

1157 1918 1252 1970 probans
1274 1917 1358 1967 putten·

1158 1977 1226 2025 tinm3
1241 1976 1354 2024 postremo

1158 2031 1271 2071 saeuitiam
1292 2027 1360 2068 Nero·

1159 2087 1194 2126 nis
1210 2082 1306 2124 ostendit
1317 2093 1361 2124 mne

1160 2143 1242 2191 trisque
1272 2139 1362 2180 caedem

1161 2198 1189 2237 ab
1208 2198 1299 2237 trnnrunt
1317 2194 1362 2235 fillo

1162 2256 1243 2294 tussam
1261 2251 1334 2292 multia

1163 2310 1294 2359 exsequntur.
