3058 5026
780 536 936 603 Ocrlvrna

675 743 681 756 ·
778 722 958 785 Octavia.

374 823 543 886 Toleranda
562 829 686 903 quaevis
709 830 819 908 patiar:
842 831 920 892 baud
943 849 1071 910 unquam
1094 841 1204 913 queant
1280 830 1284 834 ’

373 931 436 990 Nisi
460 937 556 991 rnurte
580 935 655 996 tristi
677 943 779 998 nostra
798 938 874 998 finiri
897 939 983 999 mala.
1192 945 1214 974 ⁰

376 1036 525 1100 Genitriee
546 1057 654 1116 caesa,
676 1044 850 1120 persuetus
871 1051 956 1122 rapto
980 1052 1079 1123 patre,

373 1142 486 1204 Orbata
510 1145 618 1222 fratre,
640 1148 768 1209 miseriis
789 1147 869 1210 luctu
890 1149 1018 1227 obruta,

288 1298 295 1309 .
374 1249 512 1311 Maerore
533 1269 650 1330 pressa,
674 1255 796 1334 coniugi
819 1255 914 1316 invisa
937 1273 1081 1316 nemeae

374 1356 513 1429 Subiecta
537 1358 663 1420 famulae
683 1346 750 1422 luce
772 1379 833 1422 nun
855 1369 939 1442 grata
964 1363 1069 1438 fruor,

345 1547 348 1554 Ι
374 1463 553 1550 Trepidanie
574 1484 693 1546 semper
716 1469 826 1546 corde,
850 1486 909 1529 non
931 1471 1035 1531 rnurtis
1060 1477 1153 1547 metu,

374 1570 434 1631 Sed
455 1573 590 1634 sceleris.
633 1574 720 1636 Absit
744 1577 895 1637 crimene
920 1577 989 1642 sutis
1011 1579 1102 1639 meis:

373 1676 450 1738 blori
474 1677 594 1739 iuvabit.
637 1681 735 1742 Poena
758 1701 825 1742 narn
847 1686 971 1762 grauior
988 1701 1065 1744 nece
1088 1683 1134 1744 esi

372 1783 483 1844 Videre
506 1785 635 1845 tumidus
657 1795 688 1846 et
708 1795 808 1848 truces
830 1789 958 1848 miserae
981 1788 1050 1848 mibi

372 1887 475 1952 Vultus
496 1891 613 1969 tyranni
631 1891 760 1972 iungere
783 1900 871 1971 atque
894 1892 973 1954 hosti
995 1894 1121 1970 osculo,

372 1997 489 2059 Timere
510 2003 612 2075 nutus,
634 1999 717 2060 euius
739 2001 913 2080 obsequium
935 2017 1019 2062 meus

372 2103 457 2165 Haud
479 2104 560 2168 serre
580 2113 685 2184 posset
703 2107 764 2166 iaia
788 2113 856 2186 pust
876 2107 977 2168 iratris
1000 2107 1108 2183 dolor,

371 2209 494 2272 Scelere
518 2192 702 2288 interemptiq
725 2213 809 2272 euius
831 2211 984 2290 imperium
1006 2219 1089 2273 tenet
1169 2231 1172 2238 ⁴

371 2315 408 2374 Et
430 2322 511 2376 sorte
533 2315 646 2396 gaudet
668 2325 773 2382 auctor
795 2317 935 2379 infandae
956 2321 1050 2380 necis.

373 2413 467 2494 Quom
489 2441 581 2502 saepe
604 2425 696 2485 tristis
716 2424 818 2485 umbra
844 2425 980 2505 germani
1001 2425 1075 2486 meis

372 2527 502 2596 Offertur
523 2530 637 2608 oculis,
660 2531 879 2592 membranum
904 2531 992 2592 solvit
1014 2531 1101 2610 quies

427 2701 461 2743 99.
492 2707 586 2757 quaevis
601 2705 696 2757 Lipsius:
712 2706 799 2746 codices
815 2709 922 2760 quomoda.
1010 2703 1057 2746 11³.
1086 2711 1149 2746 sorte
1162 2703 1261 2756 lipsius:
1276 2703 1364 2744 codices

427 2789 503 2824 morte.

442 2941 501 2993 104.
537 2957 609 2992 meae
631 2942 746 2992 subiecta
773 2941 909 3008 famulae:
936 2942 1061 3008 famulum
1087 2922 1216 2992 invidiose
1246 2937 1362 3006 appellat

370 3034 515 3100 Poppaeam
534 3037 651 3102 quamvis
668 3035 762 3088 illustri
782 3036 840 3088 loco
858 3044 952 3088 natam
989 3036 1024 3086 ei.
1044 3051 1069 3085 v.
1088 3036 1143 3090 656
1161 3043 1188 3086 et
1201 3034 1262 3088 952.

442 3129 501 3180 106.
538 3130 603 3179 absit
625 3131 722 3180 crimen
741 3147 759 3178 a
781 3132 843 3193 fatis
868 3131 947 3180 meir.-
976 3131 1042 3180 mort
1067 3129 1179 3180 iuuabit:
1208 3127 1302 3176 clarius
1321 3123 1361 3174 liis

372 3219 501 3284 eloquitur
518 3235 585 3284 quae
604 3228 662 3268 ante
681 3221 745 3269 dixit
764 3237 816 3270 non
833 3221 921 3272 mertis
942 3230 1026 3283 matu,
1043 3221 1088 3270 sad
1105 3220 1219 3273 sceleris.
1256 3227 1363 3269 mortem

371 3313 424 3362 lato
443 3313 545 3362 missam
564 3312 647 3364 libens
664 3313 842 3378 amplectetur,
863 3314 971 3390 sceiere·
983 3315 1039 3366 sive
1056 3315 1162 3364 crimine
1177 3313 1286 3364 Neronis
1300 3328 1361 3381 par-

371 3414 421 3457 turn
440 3416 579 3460 aversatur.
610 3407 716 3458 erimina
734 3409 782 3459 istu
800 3425 815 3459 a
831 3409 930 3460 libertis
951 3418 977 3460 et
993 3409 1082 3460 amicis
1101 3407 1225 3473 principis
1242 3409 1269 3456 in
1283 3407 1362 3458 Octa-

370 3504 437 3551 viam
457 3503 565 3552 conficta
589 3506 624 3570 (v.
645 3503 715 3554 Tacit
741 3506 798 3554 Ann
829 3505 892 3556 XlV'
909 3499 943 3555 du
962 3513 987 3554 et
1004 3503 1038 3555 62
1059 3503 1147 3572 otoo)
1175 3504 1201 3551 e't
1229 3501 1278 3550 bue
1303 3499 1362 3550 loco

370 3601 397 3644 et
414 3593 441 3643 in
460 3595 554 3646 ueteris
574 3594 678 3646 fabulae
706 3597 820 3662 partibus
848 3606 892 3647 aut
913 3597 1042 3664 ignoravit
1073 3604 1149 3662 poeta
1175 3603 1219 3645 aut
1242 3595 1363 3661 ignorare

370 3687 461 3739 voluit.

394 3799 397 3806 ²
441 3781 499 3832 113.
536 3791 560 3833 et
577 3792 645 3834 sorte
663 3783 773 3850 pandet.-
802 3797 869 3850 quae
889 3783 1034 3835 Britannico
1053 3797 1110 3834 sors
1128 3781 1253 3844 dederat,
1281 3797 1312 3830 ea
1330 3779 1362 3829 ad

369 3874 560 3926 interfectorem
578 3875 654 3926 huius
673 3877 845 3931 recciderunt.
883 3877 951 3927 berie
969 3891 1033 3927 varo
1051 3876 1117 3927 banc
1140 3875 1285 3928 sententiae
1305 3873 1360 3920 ior·

368 3983 434 4018 rnarn
453 3967 554 4032 Lipsius
572 3969 699 4020 restituite
719 3985 778 4019 nam
797 3969 865 4036 quod
886 3969 974 4035 scripti
992 3967 1051 4020 libri
1070 3968 1202 4034 proebeant,
1220 3975 1309 4026 niorto,
1328 3977 1360 4013 eu

261 4094 264 4098 ·
369 4060 433 4111 nihil
454 4061 599 4129 languidius
619 4069 645 4112 at
661 4060 703 4112 vel
724 4060 773 4112 boo
793 4069 869 4128 poeta
888 4059 1017 4130 indignius
1036 4075 1094 4112 ersa
1111 4067 1197 4125 puteat
1213 4061 1283 4110 iuxta
1295 4056 1360 4108 baec
1452 4063 1455 4068 '

369 4161 461 4206 auctor
478 4158 603 4222 infandae
620 4158 699 4208 nens.
