3058 5026
153 749 222 790 terimi
237 747 302 788 lubet.
323 747 351 789 el,

153 804 221 845 Tacit.
228 806 286 846 Ann.
296 803 352 848 riv

153 859 179 901 63
194 865 216 901 rt
230 858 264 901 dt.

364 557 405 620 46
519 643 524 652 ν
775 563 935 626 Ocrnrrnu

366 739 511 801 Graviora
536 742 643 802 meruit
664 741 782 820 impium
805 743 901 823 plebis
921 743 1042 819 scelus,

365 845 482 922 Elida,
508 849 556 910 eui
577 865 625 907 me
647 849 757 910 civium
780 849 887 912 subicit
910 849 1009 925 furor,

321 1038 323 1042 ,
364 955 506 1034 Suspecta
532 957 643 1016 coniux
663 963 694 1018 et
715 974 804 1019 soror
825 975 945 1036 semper
965 957 1053 1033 milri,

364 1061 495 1121 Tandem
518 1061 614 1125 dolori
637 1065 770 1142 spiritum
792 1063 899 1125 reddat
921 1079 989 1123 meo

364 1167 500 1248 iramque
522 1175 656 1230 nostram
679 1171 826 1250 sanguine
849 1170 1004 1249 extinguat
1025 1183 1090 1228 suo.

364 1275 433 1336 llox
453 1282 531 1336 tecta
552 1276 677 1338 llammis
700 1277 863 1338 concidant
882 1269 965 1338 urbis
987 1277 1079 1336 meis:

365 1383 470 1461 ignes,
490 1385 596 1444 ruinae
616 1384 738 1446 nonium
761 1383 898 1464 populum
921 1389 1074 1462 premant,

365 1487 529 1568 Turpisque
553 1495 692 1569 egestas,
714 1505 806 1552 saeva
831 1508 897 1551 eum
920 1488 998 1550 luctu
1017 1488 1121 1549 lomes.

364 1595 498 1655 Exsultat
521 1596 630 1674 iugens
651 1597 764 1658 saeculi
784 1597 879 1657 nostri
900 1596 993 1657 bouis
1049 1641 1054 1645 -

364 1702 509 1779 Corrupto
531 1703 636 1779 turba,
655 1721 713 1764 nee
739 1705 818 1782 capit
836 1703 1023 1764 clementiam

364 1808 483 1888 ingrata
506 1816 639 1871 nostram
660 1811 740 1874 l'erre
762 1829 820 1872 neo
842 1815 1090 1890 paoempotest,

364 1917 424 1978 Sed
447 1916 576 1994 inquieta
599 1918 713 1996 rapitur
731 1917 801 1976 irino
824 1915 971 1988 audacia,

366 2021 440 2080 ilino
462 2021 627 2080 temeritate
652 2020 745 2081 l'ertur
765 2021 795 2080 in
820 2037 966 2098 praeceps
988 2037 1051 2081 sua.

363 2125 448 2192 lllolis
472 2126 620 2187 domanda
643 2133 690 2187 est
711 2133 740 2186 et
761 2130 847 2207 gravi
871 2144 990 2206 semper
1011 2129 1082 2206 iugo

363 2234 551 2310 tremenda,
573 2249 612 2292 ne
634 2233 704 2310 quid
726 2233 822 2292 similo
845 2221 961 2292 tentare
984 2233 1092 2292 audeat

357 2340 533 2417 Contraque
555 2344 677 2400 sanctos
700 2338 838 2418 coniugis
859 2337 956 2399 vultus
979 2354 1064 2398 meae
1114 2390 1119 2394 a

361 2429 506 2507 Attollere
525 2445 640 2506 oeulos.
682 2445 787 2507 Fracta
809 2463 864 2525 per
887 2461 1003 2525 poenas
1025 2451 1105 2505 melu

362 2553 471 2613 Parere
495 2553 594 2612 discet
612 2553 758 2632 principis
777 2558 850 2612 nutu
869 2553 936 2644 sui.x
985 2567 991 2582 ·‘

361 2659 419 2720 Sed
442 2658 551 2720 adesso
573 2675 769 2736 eern0‚,rara
792 2675 880 2737 quem
905 2645 1000 2736 pietas
1023 2656 1117 2716 virum

316 2823 319 2828 .
361 2766 511 2843 Fidesque
534 2765 640 2823 castris
663 2771 732 2823 uota
755 2765 927 2841 praeposuit
947 2762 1032 2822 meis.

730 2869 823 2930 Prae
835 2869 870 2930 le
880 2887 897 2936 o
907 2875 980 2938 tus.

361 2977 461 3058 Populi
486 2977 617 3038 furorem
639 2973 733 3035 caede
757 2990 940 3056 paucorum,
965 2973 1015 3038 diu

362 3087 418 3160 Qui
441 3087 614 3148 restiterunt
634 3089 766 3160 temere,
790 3098 994 3161 eorupressum
1017 3076 1120 3140 allero.

430 3333 597 3390 831-833.
632 3349 692 3382 mox
713 3340 782 3383 tectu
810 3363 840 3374 -
858 3332 928 3383 luctu
945 3334 1044 3399 sames:
1077 3327 1222 3378 incendium
1243 3325 1349 3389 Romae,

359 3434 428 3502 quod
448 3447 515 3482 anno
534 3429 586 3492 64,
611 3428 636 3480 lr.
656 3443 679 3477 e.
699 3425 800 3480 duobus
817 3428 891 3478 anuis
911 3433 971 3492 post
991 3423 1120 3475 Octaviam
1149 3419 1307 3470 entrulmtnm
1325 3428 1352 3472 et

359 3530 481 3589 occisum,
499 3526 620 3575 maiorem
639 3522 710 3577 urbis
729 3529 826 3587 partem
838 3521 981 3570 devastarit
999 3526 1025 3568 et
1037 3517 1131 3568 multos
1147 3514 1267 3565 mortales
1288 3529 1350 3580 per-

359 3621 423 3671 didit
443 3619 532 3688 (Tacit.
550 3618 617 3668 Aun.
636 3615 681 3666 XV
700 3615 826 3685 38-41),
851 3613 1045 3678 praenuntiatur
1062 3619 1088 3661 et
1105 3609 1246 3675 aperteud
1265 3609 1349 3659 den-n-

357 3729 417 3766 nem
430 3721 561 3764 auctorem
579 3710 707 3761 refertur:
741 3709 836 3774 quippe
855 3705 944 3774 populi
969 3706 1060 3754 lamam
1081 3711 1159 3768 poeta
1177 3711 1281 3754 secutus
1300 3711 1349 3754 est.

357 3825 381 3859 v.
399 3809 476 3858 'lacit
496 3807 540 3856 XV
558 3804 593 3855 du
620 3813 646 3855 et
662 3803 697 3854 38
716 3809 778 3852 extr.
806 3802 911 3853 Sueten.
936 3799 995 3850 Ner.
1015 3798 1059 3850 38.
1084 3798 1133 3848 Dio
1155 3798 1223 3864 apud
1250 3796 1346 3862 Xiphil.

356 3903 425 3963 LXll
446 3901 557 3954 16-18.

426 3995 487 4049 844.
523 3994 568 4046 sed
584 3992 672 4041 adesse
688 4021 719 4032 -
735 3992 886 4058 praeposuit
901 3989 980 4039 meis:
998 3991 1043 4038 'est
1060 3986 1180 4040 Solonius
1197 3981 1346 4048 Tigellinus.

356 4111 382 4146 v.
400 4094 485 4144 adnot.
506 4090 537 4142 ad
558 4104 580 4138 v.
599 4087 660 4138 438.
680 4085 810 4136 hominem
830 4101 940 4152 nequam
958 4093 984 4135 et
995 4085 1098 4136 Nerone
1116 4077 1195 4129 nihilo
1214 4074 1347 4124 meliorem

356 4189 398 4238 hic
416 4195 504 4238 noster
523 4184 654 4250 aliquanto
674 4183 800 4232 mitiorem
819 4187 843 4230 et
862 4182 1010 4247 aequiorem
1028 4181 1053 4228 in
1070 4174 1243 4239 subsequente
1261 4167 1346 4220 collo-
