3058 5026
420 555 540 616 aar.
565 537 838 618 vincon-aot.

563 733 677 794 Nero.

145 838 200 901 Vel
221 854 330 919 poena,
360 853 436 917 qarae
460 845 520 898 tam
542 855 610 900 sera
632 839 799 901 damnatam
823 843 946 920 premit,

145 946 203 1006 Diu
224 951 394 1005 nocentem.
437 944 519 1005 Tolle
542 945 697 1007 consilium
720 963 757 1009 ac
777 966 905 1028 preces,

147 1051 184 1112 Et
205 1052 347 1130 imperata
368 1069 498 1131 perage:
523 1050 679 1115 devectam
700 1061 765 1116 rate

75 1164 130 1216 875
148 1157 254 1219 Procul
274 1159 305 1219 in
328 1165 474 1220 remotum
496 1159 578 1220 littus
602 1160 731 1222 interimi
751 1162 839 1240 iube,

148 1264 289 1326 'Pandem-
301 1272 333 1326 ut
353 1264 467 1328 residat
488 1267 619 1345 pectoris
639 1269 734 1329 nostri
752 1275 858 1330 tumor.

560 1371 722 1436 Chorus

275 1475 301 1537 0
323 1475 457 1537 funestus
480 1476 577 1539 multis
597 1478 699 1556 populi

274 1583 423 1662 Dirusque
446 1581 541 1661 lavor,
562 1583 792 1662 qui-cumllatu

170 1673 172 1680 ¹
277 1688 351 1749 Vela
373 1687 508 1750 secundo
531 1689 603 1750 ratis
625 1688 756 1767 implevit
849 1761 853 1772 Ι

278 1796 426 1875 vexitque
447 1795 561 1874 procul,
575 1793 742 1876 languidus
762 1795 842 1884 idem

275 1903 399 1964 Deserit
418 1900 477 1961 alto
498 1917 652 1982 saevoque
673 1901 757 1962 mari.

284 2009 379 2070 Flevit
401 2008 555 2069 Gracchos
578 2010 750 2070 mista-anda
770 2025 906 2089 parcns,

283 2113 413 2176 Perdidit
434 2113 541 2193 ingens
562 2099 637 2194 quos
662 2113 757 2193 plebis
778 2133 863 2177 amor

283 2220 455 2302 Nimiusque
476 2221 564 2283 lavor
578 2238 694 2302 genere
715 2222 878 2300 inlustres,

284 2327 396 2398 Pietate
415 2326 475 2389 lrde
496 2327 598 2409 lingua
620 2329 738 2406 claros,

284 2433 410 2496 Pectore
432 2433 541 2510 fortes,
562 2434 680 2515 legibus
700 2449 798 2495 acres.

288 2539 329 2599 'Pe
352 2555 489 2619 quoque,
509 2539 591 2614 Livi,
613 2538 701 2600 simili
720 2538 782 2599 leto

285 2643 415 2706 Fortuna
439 2643 538 2720 dedit,
560 2661 649 2723 quem
667 2659 767 2723 neque
789 2643 889 2705 lasccs

287 2750 402 2812 'lexere
417 2751 463 2811 sui
486 2755 646 2810 neclecta
669 2745 784 2838 domus.

289 2857 375 2919 Plura
398 2856 515 2918 referre

288 2959 429 3020 Prohibet
451 2974 594 3036 praesens
619 2957 754 3037 exempla
777 2958 874 3018 dolor.

291 3061 382 3124 llodo
406 3062 453 3122 cui
476 3061 601 3139 patriam
621 3060 751 3122 reddere
773 3060 856 3121 cives

274 3169 405 3230 Aulam·
422 3172 452 3227 ct
474 3164 574 3226 fratris
598 3162 722 3226 voluere
746 3170 841 3241 loros,

290 3275 375 3338 Nunc
399 3273 438 3335 ad
459 3289 587 3352 poenam
608 3271 757 3351 letumque
776 3271 854 3333 trahi

291 3383 441 3457 Flentem,
463 3380 603 3440 miseram
625 3394 752 3438 cernere
775 3383 908 3456 possunt.

293 3488 374 3547 Bene
395 3488 556 3564 paupertas
577 3480 678 3544 humili
698 3486 779 3542 tecto

269 3627 272 3632 -
294 3592 440 3656 contenta
461 3588 548 3652 latet:
568 3588 703 3668 quatiunt
725 3585 799 3648 altas

172 3895 200 3939 ut
216 3889 352 3938 immanem
371 3849 505 3947 tyrannum
533 3880 618 3942 decet,
650 3878 791 3942 interrogat
809 3887 854 3938 ea,
878 3886 945 3942 quac
963 3872 1094 3940 praelecto
1113 3871 1162 3923 dn-

172 3986 321 4040 bitationcm
342 3992 444 4031 omnam
463 3975 582 4025 eximant.

241 4080 303 4132 872.
340 4071 380 4125 ccl
394 4083 500 4139 poena:
530 4066 598 4118 Nero
622 4065 775 4117 sententiam
801 4061 926 4130 praelecti
953 4067 1115 4114 correcturus
1137 4067 1164 4110 et

174 4178 350 4226 immutaturus
370 4167 426 4218 eius
437 4161 523 4216 -verba
541 4161 595 4214 suis
615 4159 754 4210 continuat.

1018 4253 1041 4321 tl
