3078 5016
801 543 956 606 Oc‘rnvrna

509 715 624 776 Utinam
647 724 715 778 ante
740 735 828 780 manu
851 719 1023 799 grandaeva
1047 739 1100 782 sua

508 821 573 882 lllea
595 824 724 901 rupisset
745 827 870 886 stamina
896 826 1021 902 Clotlm,

175 931 372 1031 {geganga-wll}
507 927 567 988 'lua
589 946 675 1006 quam
697 949 835 992 maerens
858 931 979 993 vulnera
1004 933 1083 1010 vidi,

175 1043 371 1142 gfflgisalaxgp
509 1033 629 1112 Oraque
650 1036 741 1097 foedo
764 1054 867 1123 sparsa
893 1054 1010 1098 eruore.

118 1155 120 1160 ’
510 1139 535 1200 0
558 1140 608 1200 lux
628 1155 748 1220 semper
768 1140 883 1201 l'unesta
909 1141 995 1202 milri:

507 1245 661 1324 Tempore
675 1245 711 1305 ab
733 1244 783 1306 illo
807 1247 857 1306 lux
880 1254 926 1308 est
948 1247 1080 1308 tenebris

506 1351 605 1412 Invisa
627 1353 732 1431 magio.

506 1456 633 1517 Tulimus
657 1473 768 1516 saevae
790 1457 869 1516 iussa
892 1474 1064 1534 novercae,

506 1563 649 1624 llostilem
675 1565 802 1624 animum
826 1565 980 1644 vultusque
1005 1572 1114 1627 truces.

506 1668 556 1728 lllu
580 1668 627 1731 illa
650 1671 724 1732 meis
748 1673 840 1732 tristis
859 1670 967 1748 Erinys

506 1774 652 1836 Thalamis
672 1777 794 1854 Stygios
815 1777 952 1854 praetulit
973 1777 1076 1856 ignem

169 1874 238 1915 mun.
258 1871 353 1913 Xllssfi·
505 1881 606 1957 Teque
628 1881 769 1956 extinxit,
792 1881 961 1966 miserande
983 1889 1084 1960 pater,

168 1932 259 1973 Sueten.
271 1929 285 1968 l.
301 1939 319 1968 e.
334 1927 368 1968 l-i.

169 1988 213 2028 ⁰¹⁰
229 1986 269 2025 ¹¹³⁸
285 1983 318 2026 ³⁴·
504 1985 594 2047 nouo
617 1987 664 2046 oui
686 1992 764 2047 totus
786 1986 883 2065 paruit
906 1987 988 2064 orlpis

507 2093 587 2152 Ultra
613 2093 786 2170 Oceanum,
813 2095 919 2173 cuique
940 2091 1073 2154 Britanni

508 2199 606 2276 Terga
628 2197 760 2272 dedere,

502 2303 634 2364 Ducibus
657 2305 767 2363 nostris
789 2310 858 2364 ante
880 2305 974 2384 ignoti

506 2410 639 2490 larisque
662 2411 717 2471 sui.
760 2411 921 2490 Coniugis,
946 2409 1004 2470 heu
1027 2427 1094 2482 me,

505 2517 609 2594 Pater,
630 2516 746 2577 insidiis
768 2533 912 2595 oppresse
935 2517 1032 2590 iaces,

507 2625 663 2702 Serviique
686 2623 791 2683 dumus
817 2641 882 2682 cnm
905 2623 988 2700 prole
1010 2630 1058 2682 lua

508 2730 598 2808 Capta
623 2737 761 2807 tyranno.

693 2842 832 2903 Nutrix
857 2841 1061 2901 Octaviae.

194 2953 304 2994 ‘illlum‘
319 2959 371 2989 ⁵⁰³⁶
386 2950 514 3030 Fulgore
537 2951 631 3030 primo
658 2953 760 3028 eaptus
782 2954 812 3008 et
832 2943 929 3027 fragili
953 2947 1034 3007 bono

372 3227 377 3234 -
460 3204 499 3254 19.
538 3201 582 3252 lua
604 3210 639 3252 est
662 3200 772 3252 tenebris
798 3201 884 3250 itroire
910 3202 1010 3266 alapis:
1039 3201 1175 3266 repetitum
1201 3213 1294 3249 nomen
1316 3200 1381 3250 lueis
1402 3219 1407 3227 ·

389 3295 453 3347 nihil
471 3296 563 3362 ingrati
584 3295 660 3344 lrabet
681 3293 723 3344 vel
745 3293 914 3357 incommodi,
940 3302 968 3343 ut
985 3302 1054 3344 recte
1075 3295 1165 3343 tentari
1187 3301 1263 3359 atque
1285 3295 1310 3343 in
1329 3311 1382 3344 aaa

391 3392 481 3441 mutari
507 3391 634 3456 potuerit,
665 3387 876 3456 quemadmodum
902 3403 959 3437 eum
987 3387 1043 3437 aliis
1070 3387 1176 3438 Botlrius
1203 3387 1298 3437 voluit:
1323 3403 1381 3437 nam

392 3483 469 3548 paulo
494 3490 553 3532 unte
580 3482 625 3532 lae
649 3481 715 3532 dieta
735 3491 774 3532 est
797 3498 842 3548 pro
868 3493 938 3534 certo
960 3484 1068 3550 quodam
1088 3483 1146 3548 die,
1175 3497 1226 3548 quo
1247 3481 1383 3533 lllessalina

394 3577 470 3627 finem
495 3576 562 3626 vitae
582 3574 642 3624 olim
661 3575 812 3624 invenerat:
845 3577 893 3626 iam
920 3578 965 3626 laer
986 3578 1055 3627 noeti
1078 3577 1216 3641 opponitur
1246 3584 1272 3625 et
1298 3575 1383 3626 lumen

395 3679 546 3738 tempusque
566 3671 681 3720 diurnum
704 3669 815 3719 deuolat.

462 3798 508 3849 49.
537 3805 611 3864 utpae
630 3798 686 3846 ollio
704 3798 764 3865 pori
782 3795 995 3845 ardensmaritus
1008 3803 1095 3844 aretina
1112 3796 1207 3860 flagrat
1218 3797 1294 3859 soce:
1317 3794 1385 3844 Nero

396 3894 516 3959 princeps
542 3893 568 3941 ln
587 3905 692 3940 aaronem
712 3903 783 3938 suam
808 3891 863 3954 pari
885 3889 944 3938 odio
965 3895 1041 3955 utque
1059 3890 1165 3941 Octavia
1193 3891 1219 3938 in
1241 3891 1324 3955 ipsum
1342 3903 1386 3938 ar-

398 3987 454 4050 det,
476 3987 521 4038 sed
541 3986 608 4037 idem
626 3993 714 4036 araldo
732 3987 791 4051 [aee
808 3987 918 4052 flagrat,
944 3984 992 4034 noc
1013 3993 1052 4036 est
1071 3985 1146 4034 aliam
1166 3991 1232 4033 amat
1252 3983 1283 4032 ab
1303 3997 1386 4048 eaque

398 4083 511 4132 vicissim
530 4087 641 4132 amatura
669 4079 765 4146 quippe
786 4079 921 4144 postremis
950 4078 1036 4128 verbis
1056 4091 1127 4126 amor
1143 4075 1253 4127 Neronis
1274 4085 1299 4127 et
1317 4075 1386 4142 Pop-

399 4189 480 4240 paeae
510 4175 619 4225 Sabinae
647 4149 820 4236 significatur,
846 4173 873 4222 in
901 4187 951 4237 quo
978 4171 1054 4220 totius
1082 4168 1184 4219 fabulae
1210 4179 1387 4236 argumentum
