3078 5016
496 495 502 502 ’
605 530 708 594 cmvi·
731 531 753 592 1.
984 595 991 604 ,
1130 531 1188 592 vn

184 722 245 778 turn
268 709 479 792 discrepantia.
509 711 606 774 llilnm
621 712 711 792 igilur
731 729 792 775 non
815 711 949 791 proliciot
970 711 1006 786 is,
1023 711 1180 789 qniOcta-

182 823 262 884 viam
294 839 333 882 ex
355 821 493 882 Senecae
522 818 606 880 libris
638 821 771 880 eximere
805 820 878 880 velit
909 824 1066 897 propterea
1098 817 1178 895 quod

83 967 85 970 -
183 929 294 992 celeris
317 929 382 988 eins
404 925 512 987 lanulis
535 925 662 987 inferior
684 925 830 987 videatur.
884 923 993 997 Quidni
1015 923 1179 986 videatur?

185 1035 242 1098 sed
262 1036 389 1096 materia
412 1034 513 1113 operis
535 1033 633 1094 minus
665 1040 833 1113 opportuna
863 1032 936 1107 luit,
963 1028 1020 1092 sed
1041 1029 1179 1108 philoso-

113 1144 118 1150 '
182 1141 259 1220 plrns
279 1140 381 1218 iniquo
402 1139 545 1216 temporis
567 1143 718 1198 momento
741 1139 880 1216 scripsit,
911 1136 964 1196 sed
988 1135 1081 1196 semel
1102 1136 1178 1198 dor-

110 1263 113 1270 ’
181 1247 295 1308 nudavit
318 1251 368 1308 aut
391 1245 421 1306 in
442 1244 617 1306 adversaria
643 1243 759 1305 interim
787 1243 918 1304 coniecit
946 1261 1022 1324 quoe
1051 1244 1177 1323 posthac

180 1351 355 1433 diligentins
378 1352 550 1431 perpoliret.
587 1351 628 1414 At
647 1367 722 1412 vero
743 1351 877 1412 rationes
900 1351 1006 1430 quibus
1027 1351 1176 1412 luculente

178 1465 361 1522 monstratur
384 1477 400 1519 a
421 1459 540 1520 Seneca
562 1457 716 1519 Octaviam
739 1457 832 1519 scribi
854 1474 915 1518 non
937 1459 1090 1537 potuisse,
1120 1455 1175 1518 luas

177 1583 217 1628 ox
240 1565 334 1644 ipsius
357 1564 480 1628 fabulae
502 1571 679 1643 argumento
705 1565 812 1642 petitas
833 1565 970 1642 prolerre
992 1565 1111 1645 placuit.

259 1672 398 1735 Senecae
417 1686 548 1748 persono
570 1668 712 1730 notabilis
733 1675 765 1730 et
788 1686 853 1730 curn
875 1671 1023 1749 gravitate
1038 1670 1175 1732 locutura

175 1777 354 1842 insecundo
377 1775 496 1838 labulae
519 1782 642 1838 nostrae
664 1783 732 1838 coln
748 1783 794 1849 (v.
809 1773 993 1852 sto-utto)
1015 1775 1173 1838 inducitur.

175 1887 260 1948 llaec
278 1902 373 1948 scena
395 1891 458 1946 tola
483 1885 523 1946 ita
547 1890 720 1964 comparata
742 1889 802 1960 est,
831 1890 865 1945 ut
886 1885 1004 1946 Seneca
1025 1881 1174 1945 eiusmodi

176 1992 337 2072 quidquam
354 2009 453 2070 neque
476 1992 612 2054 scribere
634 1997 665 2052 et
686 1990 830 2071 eaulgme
850 2007 948 2070 neque
969 1991 1091 2052 scriniis
1110 1989 1173 2054 suis

176 2098 295 2160 interim
316 2096 445 2160 credere
468 2103 581 2176 posset.
626 2095 743 2158 Etenim
769 2095 847 2158 haec
874 2097 901 2158 si
929 2096 967 2160 de
990 2099 1172 2178 semetipse

176 2205 392 2286 prompsisset,
422 2221 538 2266 summo
561 2205 627 2264 iure
649 2209 680 2264 el
697 2219 788 2266 senes
804 2209 835 2264 et
854 2203 939 2282 pueri
962 2203 1092 2265 clamare
1112 2221 1174 2283 po-

175 2315 296 2372 tnerunt
316 2311 455 2372 interisse
477 2309 642 2390 pudorem,
676 2310 773 2390 ipsam
795 2309 999 2390 arrogantiam
1022 2318 1053 2372 et
1073 2312 1172 2390 impu-

174 2415 307 2478 dentiam
330 2416 360 2476 in
381 2415 601 2495 elegantissimi
628 2414 685 2477 viri
715 2433 751 2476 ac
774 2417 848 2476 satis
882 2417 988 2479 decori
1010 2425 1099 2497 caput
1121 2420 1171 2478 in-

173 2522 300 2584 vasisse.
344 2521 441 2582 Etiam
462 2521 636 2597 Neronem,
665 2523 691 2582 si
717 2521 871 2582 Octaviam
893 2524 958 2601 ipse
980 2525 1171 2602 composuis-

173 2633 241 2705 set,
273 2626 360 2687 talem
383 2625 547 2689 ostendere
570 2627 687 2690 Seneca
710 2644 772 2688 non
792 2629 904 2706 potuit,
942 2628 1037 2708 qualis
1058 2629 1088 2690 in
1112 2629 1170 2690 lrac

171 2739 274 2794 nostra
303 2731 403 2796 labnla
430 2729 613 2810 producitur.
657 2731 754 2794 Verus
781 2733 860 2793 eninr
884 2732 965 2794 Nero
997 2732 1086 2796 lactis
1105 2735 1170 2796 suis

174 2842 289 2904 atrocia
312 2855 510 2921 quaecunque
531 2837 684 2916 audehat,
706 2839 808 2900 verbis
829 2840 907 2901 iusta
929 2846 959 2902 et
979 2855 1075 2920 aequo
1096 2857 1169 2920 prae

173 2964 208 3008 se
229 2946 362 3008 serebat:
394 2943 475 3004 Nero
504 2948 603 3004 autern
631 2943 681 3021 qni
714 2942 745 3002 in
765 2944 891 3006 Octavia
921 2947 1112 3024 progreditur
1139 2953 1169 3007 et

173 3052 276 3113 verbis
298 3056 328 3111 et
349 3048 437 3110 lactis
461 3047 613 3110 crudelem
637 3053 813 3126 tyrannum,
841 3052 930 3110 immo
955 3050 1048 3111 diram
1071 3069 1168 3130 quan·

171 3156 238 3218 dam
260 3174 297 3218 ac
321 3155 583 3236 sanguinolentam
604 3153 732 3217 bellnam
754 3155 865 3235 ubique
888 3174 958 3220 sese
979 3158 1086 3238 prodit.

254 3263 314 3326 Sed
337 3262 413 3324 haec
433 3278 473 3324 nc
497 3261 617 3341 longius
639 3278 815 3341 persequar,
839 3262 895 3324 alia
920 3264 1034 3327 iaciunt
1055 3268 1165 3332 indicia

172 3371 252 3432 idern
273 3371 439 3450 probantia.
483 3369 595 3432 Eorum
616 3369 740 3449 primum
763 3387 852 3432 versu
870 3370 931 3432 733
955 3379 985 3432 et
1005 3371 1066 3434 739
1086 3393 1166 3436 con-

169 3478 294 3540 tinetur:
325 3477 368 3538 ibi
389 3480 469 3540 enim
490 3478 627 3556 Poppaea
649 3475 759 3538 Sabina
781 3476 905 3538 caedent
928 3477 1004 3540 nult
1028 3477 1166 3560 Crispini,

169 3585 202 3646 in
224 3586 308 3648 unius
333 3581 522 3646 matrimonio
540 3580 667 3655 vixerat,
687 3597 742 3658 per
763 3580 893 3660 quietem
914 3582 1081 3662 praevidet.
1105 3585 1165 3646 dl·

170 3691 221 3769 qui
244 3691 397 3770 Crispinus
416 3690 466 3752 ille
489 3688 610 3752 occisus
622 3693 668 3750 est
680 3704 760 3750 cuno
781 3691 974 3768 sexagesimo
990 3697 1077 3750 sento
1096 3697 1164 3768 post

141 3819 144 3824 ·
170 3796 318 3860 Christum
338 3803 449 3874 natum,
470 3797 588 3862 Seneca
612 3800 709 3856 antem
726 3812 806 3856 anno
826 3793 1029 3873 praecedente
1052 3794 1165 3858 deces-

169 3909 261 3966 serat.
302 3921 331 3962 v.
354 3901 447 3962 Tacit.
468 3903 546 3964 dnn.
569 3900 637 3964 XVl
655 3899 691 3961 17
714 3900 823 3962 collato
842 3901 897 3962 XV
915 3899 1050 3964 60-64.
1093 3903 1162 3964 Alio

169 4013 239 4072 loco
261 4018 307 4084 (v.
330 4007 392 4068 595
412 4015 493 4086 sqq.)
526 4009 614 4070 etiam
635 4008 792 4086 Poppaeae
814 4007 945 4068 Sabinae
967 4023 1049 4068 mors
1069 4026 1162 4087 prae·

171 4119 287 4180 dicitur.
330 4116 468 4196 Poppaea
490 4131 564 4180 vero
587 4114 694 4176 codem
717 4113 835 4192 quidem
857 4127 937 4174 anno
962 4129 1020 4192 quo
1044 4113 1161 4178 Seneca
