3078 5016
563 581 663 645 Carra
686 578 734 647 iii.
1067 583 1147 650 xvtt

155 762 254 844 popuii
276 758 402 826 Romani
423 761 516 823 huno·
531 769 563 824 ut
595 766 713 828 unicam
735 765 905 828 Germanioi
933 763 1068 828 subolem
1089 786 1148 830 ve-

154 873 289 934 nerantis
310 887 347 932 ac
368 869 498 932 inventis
518 870 638 932 muitum
658 871 837 932 irritabatur.
867 871 1055 953 Quapropter
1075 891 1149 937 sae-

153 979 219 1056 pius
243 977 272 1039 in
295 994 334 1038 eo
357 982 422 1038 erut
442 981 473 1038 ut
499 983 631 1038 extrema
653 977 683 1037 in
705 977 901 1057 Agrippinam
925 985 955 1040 et
975 979 1064 1041 sdium
1082 982 1150 1044 eins

154 1085 287 1146 auderet.
330 1083 488 1145 Emanavit
514 1084 603 1144 etiam
633 1085 664 1145 in
685 1083 792 1164 vulgus
813 1085 923 1146 missos
948 1086 1147 1149 aMessalina

158 1194 210 1272 qui
239 1193 399 1254 Domitium
431 1205 554 1270 puerum
583 1190 792 1252 meridiantem
821 1191 1065 1272 strangulatam,
1095 1193 1153 1255 sed

155 1315 211 1360 eos
233 1297 337 1360 divino
358 1296 468 1358 auxilio
490 1297 527 1356 ab
551 1296 648 1358 atroci
669 1298 791 1378 incepto
816 1297 954 1376 repulsos
974 1315 1053 1362 csse.
1103 1301 1150 1360 De

154 1421 212 1482 qua
242 1404 319 1464 tama
349 1404 521 1466 Suetonium
554 1404 574 1465 l.
604 1422 634 1466 e.
665 1403 742 1465 haee
772 1410 944 1466 narrantem
974 1405 1149 1468 audiamusr

154 1509 256 1590 qratia
284 1511 402 1588 quidem
431 1517 460 1570 et
481 1511 618 1587 potentia
639 1527 735 1587 usque
762 1528 798 1570 eo
825 1509 930 1588 floruit
959 1513 1150 1589 (Domitius),

155 1623 188 1676 ut
208 1624 364 1677 emanaret
383 1616 416 1676 in
434 1615 542 1694 auique
561 1615 671 1676 missos
693 1634 714 1676 a
737 1615 905 1676 Messalina
934 1635 1034 1678 ueore
1054 1619 1150 1680 Clau·-

155 1723 196 1786 uu·
218 1723 269 1800 qui
290 1742 357 1782 eum
375 1722 581 1784 meridiandum
600 1720 690 1798 quasi
700 1719 871 1802 Britannici
885 1723 1033 1784 aemulum
1044 1729 1152 1786 strare·

153 1807 301 1910 quieceret.
343 1829 486 1891 Additum
510 1825 636 1909 sabatae
664 1834 709 1888 eet
736 1828 855 1888 eaedem
876 1829 1009 1890 dracoue
1035 1847 1052 1891 e
1076 1831 1152 1908 put·

153 1937 224 1998 uino
255 1955 290 1996 re
317 1936 492 2014 proferente
527 1935 708 1996 conterritos
735 1935 894 2013 resuqiese.
948 1937 1034 1999 Coni.
1057 1937 1149 2002 Tacit.

128 2105 131 2118 ,
154 2045 234 2106 Arm.
258 2043 299 2103 Xi
324 2045 376 2103 11:
409 2040 649 2120 vulgabaturque
670 2039 797 2120 affuisse
817 2042 965 2120 infantiae
987 2044 1053 2104 eitra
1077 2046 1155 2108 dra·

155 2169 246 2212 coneo
266 2149 297 2209 in
319 2149 437 2210 modurn
457 2148 622 2222 custodum,
640 2147 786 2229 fabulosa
807 2156 836 2210 ct
855 2148 990 2210 aeternis
1013 2151 1151 2212 miraeu-

153 2260 191 2320 tis
212 2257 402 2320 adsimulata.
443 2253 522 2317 Nam
543 2256 626 2334 ipse,
657 2255 891 2335 haudquaquam
919 2257 968 2318 rui
989 2257 1152 2336 detractor,

155 2383 248 2427 unam
269 2364 388 2426 ernuiuo
411 2381 539 2442 aequem
568 2363 601 2422 in
621 2361 760 2424 eubiculo
783 2362 883 2424 visum
913 2381 1048 2426 narrare
1075 2366 1153 2426 roti-

154 2479 277 2534 tuaest.
319 2471 384 2532 Hoc
407 2471 503 2549 ipsum
527 2487 620 2530 unum
640 2477 686 2530 ost
708 2486 746 2528 ex
768 2469 930 2547 puerilibus
949 2471 1070 2533 Domitii
1094 2491 1153 2534 an-

155 2580 203 2640 nis
225 2577 305 2658 quod
328 2581 535 2664 argumentum
547 2580 723 2654 praetextae
744 2574 935 2654 suppeditare
954 2577 1058 2654 potuit.
1078 2577 1152 2638 iude

154 2688 245 2768 igitur
266 2690 351 2764 recte
372 2682 567 2762 colligemus,
592 2681 688 2759 ipsam
709 2680 787 2742 hano
807 2697 872 2743 rem
893 2683 1077 2762 sivdpopuii
1101 2684 1153 2746 ia·-

155 2811 232 2856 mam
254 2811 271 2854 a
292 2791 428 2852 Materno
451 2787 573 2849 Domitii
595 2788 743 2866 scriptore
773 2790 955 2867 propositam
978 2794 1009 2850 et
1031 2795 1151 2868 parua·-

154 2907 262 2964 ctatam
284 2913 438 2978 pueroque
461 2895 593 2956 Domitio
615 2893 721 2956 decem
746 2911 843 2956 annos
865 2901 938 2957 nato
960 2904 1042 2969 (eam
1067 2899 1146 2958 enim

155 3014 282 3069 aetatem
304 3006 368 3065 iore
392 3007 547 3062 assecutus
571 3005 646 3075 erat,
669 3017 736 3060 cum
758 3000 862 3060 sicarii
879 2998 1056 3062 Messalinae
1078 3002 1150 3062 mit-

153 3113 292 3176 tebantur
313 3111 360 3172 vei
384 3109 467 3170 missi
493 3105 680 3183 terebantur)
704 3105 947 3186 primas'agaudi
970 3114 1071 3186 partes
1094 3125 1148 3170 asu

152 3222 287 3300 signatas
308 3216 413 3278 fnisse.

237 3326 395 3406 Postquam
416 3323 476 3386 hoo
493 3321 570 3386 lucis
593 3338 682 3402 supra
705 3307 865 3384 obscuram
880 3319 1003 3384 Domitii
1024 3339 1148 3384 scenam

155 3429 345 3508 diffudimus,
368 3428 511 3508 deinceps
532 3425 692 3488 dicendum
716 3426 794 3502 erit,
816 3427 843 3486 si
864 3425 929 3487 sieri
950 3434 1068 3506 potest,
1089 3445 1148 3508 qua

157 3540 275 3601 ratione
297 3545 387 3618 poeta
422 3540 628 3617 argumentum
658 3550 742 3595 suum
772 3533 947 3618 dispositum
982 3533 1100 3596 dederit
1120 3540 1172 3596 et.

154 3663 214 3724 qno
239 3652 374 3724 tempore
395 3662 461 3704 eam
483 3641 613 3702 fabulam
636 3641 750 3702 Rornae
773 3641 955 3701 recitaverit
996 3641 1043 3701 Ac
1074 3657 1149 3702 sane

154 3759 310 3828 utrumqne
332 3749 451 3810 ostendi
481 3753 580 3827 potest
611 3763 649 3807 co
678 3747 749 3807 loeo
778 3748 809 3806 in
837 3745 976 3807 auxilium
1004 3743 1149 3823 adhibito,

152 3877 239 3939 quem
262 3859 331 3930 ante
363 3863 407 3932 (p.
429 3853 512 3930 xlv)
547 3869 585 3914 ex
607 3835 700 3912 Taciti
721 3851 850 3932 Dialogo
883 3857 926 3928 (a.
952 3849 1007 3928 tt)
1039 3859 1146 3914 testem

153 3966 318 4026 citavimus,
361 3958 404 4020 tui
426 3957 505 4018 enim
526 3959 675 4021 Maternus
697 3957 755 4021 hac
776 3955 954 4020 recitatione
976 3960 1140 4020 carminum

151 4074 279 4154 gioriam
300 4063 419 4150 ingredi
439 4062 622 4144 auspicatum
648 4082 682 4126 se
705 4082 775 4128 esse
797 4061 968 4144 profitetur,
999 4062 1142 4146 additque

152 4197 170 4240 a
190 4196 258 4240 sese
279 4185 349 4240 tunc
371 4174 497 4242 tractam
515 4187 584 4234 esse
605 4169 773 4247 inprobum
791 4175 820 4230 et
839 4169 1006 4234 studiurmu
1026 4189 1143 4252 quoque

926 4283 944 4320 »tr
