<?xml version="1.0" encoding="UTF-8"?>
<!DOCTYPE html PUBLIC "-//W3C//DTD XHTML 1.0 Transitional//EN"
    "http://www.w3.org/TR/xhtml1/DTD/xhtml1-transitional.dtd">
<html xmlns="http://www.w3.org/1999/xhtml" xml:lang="en" lang="en">
 <head>
  <title>
</title>
<meta http-equiv="Content-Type" content="text/html;charset=utf-8" />
  <meta name='ocr-system' content='tesseract 3.04.00' />
  <meta name='ocr-capabilities' content='ocr_page ocr_carea ocr_par ocr_line ocrx_word'/>
</head>
<body>
  <div class='ocr_page' id='page_1' title='image "./octaviapraetext00mategoog_0075.png"; bbox 0 0 3058 5026; ppageno 0'>
   <div class='ocr_carea' id='block_1_1' title="bbox 384 518 972 584">
    <p class='ocr_par' dir='ltr' id='par_1_1' title="bbox 384 518 972 584">
     <span class='ocr_line' id='line_1_1' title="bbox 384 518 972 584; baseline -0.005 -1"><span class='ocrx_word' id='word_1_1' title='bbox 384 521 426 584; x_wconf 84' lang='grc'><strong>36</strong></span> <span class='ocrx_word' id='word_1_2' title='bbox 816 518 972 582; x_wconf 79' lang='lat' dir='ltr'><strong>Ocrnvtne</strong></span> 
     </span>
    </p>
   </div>
   <div class='ocr_carea' id='block_1_2' title="bbox 372 697 1271 2465">
    <p class='ocr_par' dir='ltr' id='par_1_2' title="bbox 372 697 1271 2374">
     <span class='ocr_line' id='line_1_2' title="bbox 382 697 1244 780; baseline 0 -22"><span class='ocrx_word' id='word_1_3' title='bbox 382 698 520 758; x_wconf 80' lang='lat' dir='ltr'><strong>Aninnann</strong></span> <span class='ocrx_word' id='word_1_4' title='bbox 543 703 701 756; x_wconf 76' lang='lat' dir='ltr'><strong>nocentem</strong></span> <span class='ocrx_word' id='word_1_5' title='bbox 723 697 911 774; x_wconf 76' lang='lat' dir='ltr'><strong>sceleribus,</strong></span> <span class='ocrx_word' id='word_1_6' title='bbox 932 698 1061 780; x_wconf 80' lang='lat' dir='ltr'><strong>iugulant</strong></span> <span class='ocrx_word' id='word_1_7' title='bbox 1085 697 1244 775; x_wconf 79' lang='lat' dir='ltr'><strong>hostilius,</strong></span> 
     </span>
     <span class='ocr_line' id='line_1_3' title="bbox 382 803 1088 884; baseline -0.001 -19"><span class='ocrx_word' id='word_1_8' title='bbox 382 806 527 865; x_wconf 85' lang='lat' dir='ltr'><strong>Desertus</strong></span> <span class='ocrx_word' id='word_1_9' title='bbox 551 809 580 864; x_wconf 89' lang='lat' dir='ltr'><strong>et</strong></span> <span class='ocrx_word' id='word_1_10' title='bbox 602 803 772 866; x_wconf 85' lang='lat' dir='ltr'><strong>destructus</strong></span> <span class='ocrx_word' id='word_1_11' title='bbox 795 811 825 865; x_wconf 89' lang='lat' dir='ltr'><strong>et</strong></span> <span class='ocrx_word' id='word_1_12' title='bbox 847 806 961 866; x_wconf 89' lang='lat' dir='ltr'><strong>cunetis</strong></span> <span class='ocrx_word' id='word_1_13' title='bbox 985 821 1088 884; x_wconf 82' lang='lat' dir='ltr'><strong>egens.</strong></span> 
     </span>
     <span class='ocr_line' id='line_1_4' title="bbox 380 909 1157 991; baseline 0.003 -23"><span class='ocrx_word' id='word_1_14' title='bbox 380 909 463 988; x_wconf 90' lang='lat' dir='ltr'><strong>lleu,</strong></span> <span class='ocrx_word' id='word_1_15' title='bbox 486 927 545 991; x_wconf 83' lang='lat' dir='ltr'><strong>quo</strong></span> <span class='ocrx_word' id='word_1_16' title='bbox 570 911 674 987; x_wconf 84' lang='lat' dir='ltr'><strong>leber,</strong></span> <span class='ocrx_word' id='word_1_17' title='bbox 697 928 756 989; x_wconf 87' lang='lat' dir='ltr'><strong>que</strong></span> <span class='ocrx_word' id='word_1_18' title='bbox 780 915 849 971; x_wconf 83' lang='lat' dir='ltr'><strong>vela</strong></span> <span class='ocrx_word' id='word_1_19' title='bbox 872 911 1046 972; x_wconf 84' lang='lat' dir='ltr'><strong>ecciderunt</strong></span> <span class='ocrx_word' id='word_1_20' title='bbox 1066 913 1157 972; x_wconf 85' lang='lat' dir='ltr'><strong>mea‘?</strong></span> 
     </span>
     <span class='ocr_line' id='line_1_5' title="bbox 382 1018 1035 1096; baseline -0.005 -17"><span class='ocrx_word' id='word_1_21' title='bbox 382 1021 447 1092; x_wconf 76' lang='lat' dir='ltr'><strong>Qun</strong></span> <span class='ocrx_word' id='word_1_22' title='bbox 472 1025 502 1078; x_wconf 85' lang='lat' dir='ltr'><strong>te</strong></span> <span class='ocrx_word' id='word_1_23' title='bbox 525 1018 609 1078; x_wconf 82' lang='lat' dir='ltr'><strong>suren</strong></span> <span class='ocrx_word' id='word_1_24' title='bbox 630 1019 769 1096; x_wconf 87' lang='lat' dir='ltr'><strong>provexit</strong></span> <span class='ocrx_word' id='word_1_25' title='bbox 792 1018 946 1078; x_wconf 87' lang='lat' dir='ltr'><strong>attonitum</strong></span> <span class='ocrx_word' id='word_1_26' title='bbox 969 1024 1035 1079; x_wconf 83' lang='lat' dir='ltr'><strong>tuiis</strong></span> 
     </span>
     <span class='ocr_line' id='line_1_6' title="bbox 383 1124 1008 1202; baseline 0 -16"><span class='ocrx_word' id='word_1_27' title='bbox 383 1126 420 1186; x_wconf 83' lang='lat' dir='ltr'><strong>Et</strong></span> <span class='ocrx_word' id='word_1_28' title='bbox 443 1124 519 1201; x_wconf 89' lang='lat' dir='ltr'><strong>lala,</strong></span> <span class='ocrx_word' id='word_1_29' title='bbox 540 1132 627 1202; x_wconf 87' lang='lat' dir='ltr'><strong>nale,</strong></span> <span class='ocrx_word' id='word_1_30' title='bbox 650 1125 739 1186; x_wconf 84' lang='lat' dir='ltr'><strong>cedet</strong></span> <span class='ocrx_word' id='word_1_31' title='bbox 761 1132 792 1186; x_wconf 90' lang='lat' dir='ltr'><strong>ul</strong></span> <span class='ocrx_word' id='word_1_32' title='bbox 812 1127 901 1186; x_wconf 76' lang='lat' dir='ltr'><strong>tacitis</strong></span> <span class='ocrx_word' id='word_1_33' title='bbox 923 1126 1008 1187; x_wconf 87' lang='lat' dir='ltr'><strong>malis</strong></span> 
     </span>
     <span class='ocr_line' id='line_1_7' title="bbox 382 1233 1093 1310; baseline -0.001 -17"><span class='ocrx_word' id='word_1_34' title='bbox 382 1234 542 1294; x_wconf 85' lang='lat' dir='ltr'><strong>(lenitrieis</strong></span> <span class='ocrx_word' id='word_1_35' title='bbox 563 1234 630 1309; x_wconf 87' lang='lat' dir='ltr'><strong>ira,</strong></span> <span class='ocrx_word' id='word_1_36' title='bbox 654 1250 731 1310; x_wconf 89' lang='lat' dir='ltr'><strong>quae</strong></span> <span class='ocrx_word' id='word_1_37' title='bbox 752 1239 802 1294; x_wconf 86' lang='lat' dir='ltr'><strong>tue</strong></span> <span class='ocrx_word' id='word_1_38' title='bbox 819 1233 935 1294; x_wconf 88' lang='lat' dir='ltr'><strong>scelere</strong></span> <span class='ocrx_word' id='word_1_39' title='bbox 959 1233 1093 1294; x_wconf 81' lang='lat' dir='ltr'><strong>eccidit?</strong></span> 
     </span>
     <span class='ocr_line' id='line_1_8' title="bbox 379 1339 1202 1418; baseline -0.005 -16"><span class='ocrx_word' id='word_1_40' title='bbox 379 1341 515 1416; x_wconf 85' lang='lat' dir='ltr'><strong>Utinam,</strong></span> <span class='ocrx_word' id='word_1_41' title='bbox 538 1347 694 1418; x_wconf 78' lang='lat' dir='ltr'>antequam</span> <span class='ocrx_word' id='word_1_42' title='bbox 718 1347 747 1400; x_wconf 89' lang='lat' dir='ltr'><strong>te</strong></span> <span class='ocrx_word' id='word_1_43' title='bbox 770 1341 922 1418; x_wconf 82' lang='lat' dir='ltr'><strong>parvulum</strong></span> <span class='ocrx_word' id='word_1_44' title='bbox 946 1341 976 1400; x_wconf 93' lang='lat' dir='ltr'><strong>in</strong></span> <span class='ocrx_word' id='word_1_45' title='bbox 999 1340 1096 1401; x_wconf 80' lang='lat' dir='ltr'><strong>luceia</strong></span> <span class='ocrx_word' id='word_1_46' title='bbox 1122 1339 1202 1401; x_wconf 87' lang='lat' dir='ltr'><strong>edidi</strong></span> 
     </span>
     <span class='ocr_line' id='line_1_9' title="bbox 378 1444 1153 1523; baseline 0.001 -19"><span class='ocrx_word' id='word_1_47' title='bbox 378 1444 515 1523; x_wconf 73' lang='lat' dir='ltr'><strong>illuique,</strong></span> <span class='ocrx_word' id='word_1_48' title='bbox 537 1462 648 1505; x_wconf 86' lang='lat' dir='ltr'><strong>saevae</strong></span> <span class='ocrx_word' id='word_1_49' title='bbox 670 1452 773 1506; x_wconf 89' lang='lat' dir='ltr'><strong>nostra</strong></span> <span class='ocrx_word' id='word_1_50' title='bbox 794 1445 980 1506; x_wconf 83' lang='lat' dir='ltr'><strong>lacerassent</strong></span> <span class='ocrx_word' id='word_1_51' title='bbox 1002 1444 1086 1506; x_wconf 86' lang='lat' dir='ltr'><strong>serae</strong></span> <span class='ocrx_word' id='word_1_52' title='bbox 1151 1479 1153 1486; x_wconf 45' lang='grc' dir='ltr'>ι</span> 
     </span>
     <span class='ocr_line' id='line_1_10' title="bbox 378 1549 1271 1630; baseline 0.002 -20"><span class='ocrx_word' id='word_1_53' title='bbox 378 1549 512 1611; x_wconf 87' lang='lat' dir='ltr'><strong>Viscera.</strong></span> <span class='ocrx_word' id='word_1_54' title='bbox 556 1551 626 1613; x_wconf 86' lang='lat' dir='ltr'><strong>Sine</strong></span> <span class='ocrx_word' id='word_1_55' title='bbox 650 1550 708 1611; x_wconf 90' lang='lat' dir='ltr'><strong>ulle</strong></span> <span class='ocrx_word' id='word_1_56' title='bbox 729 1551 865 1627; x_wconf 87' lang='lat' dir='ltr'><strong>scelere,</strong></span> <span class='ocrx_word' id='word_1_57' title='bbox 886 1556 952 1614; x_wconf 88' lang='lat' dir='ltr'><strong>sine</strong></span> <span class='ocrx_word' id='word_1_58' title='bbox 973 1569 1085 1629; x_wconf 86' lang='lat' dir='ltr'><strong>sensu,</strong></span> <span class='ocrx_word' id='word_1_59' title='bbox 1107 1552 1271 1630; x_wconf 78' lang='lat' dir='ltr'><strong>innocens,</strong></span> 
     </span>
     <span class='ocr_line' id='line_1_11' title="bbox 376 1658 1162 1740; baseline 0.005 -23"><span class='ocrx_word' id='word_1_60' title='bbox 376 1658 460 1718; x_wconf 91' lang='lat' dir='ltr'><strong>lleus</strong></span> <span class='ocrx_word' id='word_1_61' title='bbox 483 1658 669 1736; x_wconf 83' lang='lat' dir='ltr'><strong>cecidisses3</strong></span> <span class='ocrx_word' id='word_1_62' title='bbox 692 1662 809 1722; x_wconf 89' lang='lat' dir='ltr'><strong>iunctus</strong></span> <span class='ocrx_word' id='word_1_63' title='bbox 833 1668 921 1740; x_wconf 88' lang='lat' dir='ltr'><strong>alque</strong></span> <span class='ocrx_word' id='word_1_64' title='bbox 942 1661 1072 1721; x_wconf 88' lang='lat' dir='ltr'><strong>haerens</strong></span> <span class='ocrx_word' id='word_1_65' title='bbox 1092 1660 1162 1722; x_wconf 80' lang='lat' dir='ltr'><strong>milri</strong></span> 
     </span>
     <span class='ocr_line' id='line_1_12' title="bbox 377 1767 1104 1846; baseline -0.003 -18"><span class='ocrx_word' id='word_1_66' title='bbox 377 1767 501 1846; x_wconf 81' lang='lat' dir='ltr'><strong>Seniper</strong></span> <span class='ocrx_word' id='word_1_67' title='bbox 518 1768 647 1846; x_wconf 83' lang='lat' dir='ltr'><strong>quietam</strong></span> <span class='ocrx_word' id='word_1_68' title='bbox 670 1784 814 1828; x_wconf 87' lang='lat' dir='ltr'><strong>cerneres</strong></span> <span class='ocrx_word' id='word_1_69' title='bbox 834 1767 937 1828; x_wconf 83' lang='lat' dir='ltr'><strong>sedern</strong></span> <span class='ocrx_word' id='word_1_70' title='bbox 960 1767 1104 1842; x_wconf 74' lang='lat' dir='ltr'><strong>inserunt,</strong></span> 
     </span>
     <span class='ocr_line' id='line_1_13' title="bbox 377 1871 1116 1952; baseline 0 -20"><span class='ocrx_word' id='word_1_71' title='bbox 377 1873 508 1934; x_wconf 86' lang='lat' dir='ltr'><strong>Preavos</strong></span> <span class='ocrx_word' id='word_1_72' title='bbox 529 1879 718 1952; x_wconf 85' lang='lat' dir='ltr'><strong>patremque,</strong></span> <span class='ocrx_word' id='word_1_73' title='bbox 738 1871 868 1932; x_wconf 83' lang='lat' dir='ltr'><strong>nominis</strong></span> <span class='ocrx_word' id='word_1_74' title='bbox 892 1873 992 1951; x_wconf 83' lang='lat' dir='ltr'><strong>magni</strong></span> <span class='ocrx_word' id='word_1_75' title='bbox 1017 1873 1116 1946; x_wconf 88' lang='lat' dir='ltr'><strong>vires,</strong></span> 
     </span>
     <span class='ocr_line' id='line_1_14' title="bbox 377 1978 1154 2059; baseline 0 -19"><span class='ocrx_word' id='word_1_76' title='bbox 377 1980 459 2051; x_wconf 81' lang='lat' dir='ltr'><strong>Quos</strong></span> <span class='ocrx_word' id='word_1_77' title='bbox 481 1997 560 2040; x_wconf 91' lang='lat' dir='ltr'><strong>nune</strong></span> <span class='ocrx_word' id='word_1_78' title='bbox 581 1979 677 2059; x_wconf 89' lang='lat' dir='ltr'><strong>pudor</strong></span> <span class='ocrx_word' id='word_1_79' title='bbox 697 1978 854 2058; x_wconf 89' lang='lat' dir='ltr'><strong>laetusque</strong></span> <span class='ocrx_word' id='word_1_80' title='bbox 875 1985 1036 2058; x_wconf 85' lang='lat' dir='ltr'><strong>perpetuus</strong></span> <span class='ocrx_word' id='word_1_81' title='bbox 1054 1985 1154 2040; x_wconf 87' lang='lat' dir='ltr'><strong>menet</strong></span> 
     </span>
     <span class='ocr_line' id='line_1_15' title="bbox 376 2083 1106 2163; baseline -0.001 -19"><span class='ocrx_word' id='word_1_82' title='bbox 376 2084 420 2144; x_wconf 88' lang='lat' dir='ltr'><strong>Ex</strong></span> <span class='ocrx_word' id='word_1_83' title='bbox 443 2091 495 2162; x_wconf 84' lang='lat' dir='ltr'><strong>te,</strong></span> <span class='ocrx_word' id='word_1_84' title='bbox 514 2083 663 2160; x_wconf 77' lang='lat' dir='ltr'><strong>nefande,</strong></span> <span class='ocrx_word' id='word_1_85' title='bbox 687 2100 813 2163; x_wconf 82' lang='lat' dir='ltr'><strong>ineque,</strong></span> <span class='ocrx_word' id='word_1_86' title='bbox 836 2101 912 2162; x_wconf 84' lang='lat' dir='ltr'><strong>quae</strong></span> <span class='ocrx_word' id='word_1_87' title='bbox 933 2083 1021 2144; x_wconf 86' lang='lat' dir='ltr'><strong>talem</strong></span> <span class='ocrx_word' id='word_1_88' title='bbox 1046 2084 1106 2145; x_wconf 88' lang='lat' dir='ltr'><strong>lull.</strong></span> 
     </span>
     <span class='ocr_line' id='line_1_16' title="bbox 374 2191 1082 2270; baseline 0 -20"><span class='ocrx_word' id='word_1_89' title='bbox 374 2191 450 2262; x_wconf 83' lang='lat' dir='ltr'><strong>Quid</strong></span> <span class='ocrx_word' id='word_1_90' title='bbox 474 2198 577 2270; x_wconf 84' lang='lat' dir='ltr'><strong>tegere</strong></span> <span class='ocrx_word' id='word_1_91' title='bbox 601 2208 690 2250; x_wconf 90' lang='lat' dir='ltr'><strong>cesso</strong></span> <span class='ocrx_word' id='word_1_92' title='bbox 712 2191 836 2251; x_wconf 76' lang='lat' dir='ltr'><strong>&#39;l&#39;arlare</strong></span> <span class='ocrx_word' id='word_1_93' title='bbox 857 2191 954 2255; x_wconf 82' lang='lat' dir='ltr'><strong>rullus</strong></span> <span class='ocrx_word' id='word_1_94' title='bbox 975 2207 1082 2266; x_wconf 89' lang='lat' dir='ltr'><strong>meos,</strong></span> 
     </span>
     <span class='ocr_line' id='line_1_17' title="bbox 372 2295 1042 2374; baseline 0 -18"><span class='ocrx_word' id='word_1_95' title='bbox 372 2296 532 2372; x_wconf 78' lang='lat' dir='ltr'><strong>Nouerca,</strong></span> <span class='ocrx_word' id='word_1_96' title='bbox 553 2299 674 2374; x_wconf 87' lang='lat' dir='ltr'><strong>coniux,</strong></span> <span class='ocrx_word' id='word_1_97' title='bbox 699 2302 793 2357; x_wconf 86' lang='lat' dir='ltr'><strong>mater</strong></span> <span class='ocrx_word' id='word_1_98' title='bbox 813 2295 917 2356; x_wconf 80' lang='lat' dir='ltr'><strong>infelix</strong></span> <span class='ocrx_word' id='word_1_99' title='bbox 940 2297 1042 2356; x_wconf 74' lang='lat' dir='ltr'><strong>neeis?</strong></span> 
     </span>
    </p>

    <p class='ocr_par' dir='ltr' id='par_1_3' title="bbox 772 2401 954 2465">
     <span class='ocr_line' id='line_1_18' title="bbox 772 2401 954 2465; baseline 0 -1"><span class='ocrx_word' id='word_1_100' title='bbox 772 2401 797 2464; x_wconf 94' lang='lat' dir='ltr'><em>O</em></span> <span class='ocrx_word' id='word_1_101' title='bbox 809 2409 870 2465; x_wconf 88' lang='lat' dir='ltr'><strong>cla</strong></span> <span class='ocrx_word' id='word_1_102' title='bbox 882 2423 899 2464; x_wconf 90' lang='lat' dir='ltr'>v</span> <span class='ocrx_word' id='word_1_103' title='bbox 909 2403 919 2464; x_wconf 91' lang='lat' dir='ltr'><strong>i</strong></span> <span class='ocrx_word' id='word_1_104' title='bbox 928 2421 954 2464; x_wconf 89' lang='lat' dir='ltr'><strong>a.</strong></span> 
     </span>
    </p>
   </div>
   <div class='ocr_carea' id='block_1_3' title="bbox 139 2509 1038 2691">
    <p class='ocr_par' dir='ltr' id='par_1_4' title="bbox 139 2509 1038 2691">
     <span class='ocr_line' id='line_1_19' title="bbox 139 2509 967 2570; baseline 0.006 -6"><span class='ocrx_word' id='word_1_105' title='bbox 139 2524 256 2567; x_wconf 66' lang='lat' dir='ltr'><strong>annm</strong></span> <span class='ocrx_word' id='word_1_106' title='bbox 283 2521 345 2566; x_wconf 71' lang='lat' dir='ltr'><strong>nno-</strong></span> <span class='ocrx_word' id='word_1_107' title='bbox 498 2509 613 2570; x_wconf 88' lang='lat' dir='ltr'><strong>Parcite</strong></span> <span class='ocrx_word' id='word_1_108' title='bbox 633 2509 763 2570; x_wconf 84' lang='lat' dir='ltr'><strong>lacrimis</strong></span> <span class='ocrx_word' id='word_1_109' title='bbox 785 2509 867 2570; x_wconf 87' lang='lat' dir='ltr'><strong>urbis</strong></span> <span class='ocrx_word' id='word_1_110' title='bbox 890 2509 967 2570; x_wconf 84' lang='lat' dir='ltr'><strong>leste</strong></span> 
     </span>
     <span class='ocr_line' id='line_1_20' title="bbox 161 2580 1038 2691; baseline 0.001 -17"><span class='ocrx_word' id='word_1_111' title='bbox 161 2580 361 2676; x_wconf 47' lang='lat' dir='ltr'><strong>{tt&#39;ssitfflemr&#39;ffi</strong></span> <span class='ocrx_word' id='word_1_112' title='bbox 498 2613 650 2691; x_wconf 82' lang='lat' dir='ltr'><strong>Laetaque</strong></span> <span class='ocrx_word' id='word_1_113' title='bbox 674 2612 744 2690; x_wconf 89' lang='lat' dir='ltr'><strong>die,</strong></span> <span class='ocrx_word' id='word_1_114' title='bbox 768 2632 805 2674; x_wconf 91' lang='lat' dir='ltr'><strong>ne</strong></span> <span class='ocrx_word' id='word_1_115' title='bbox 830 2620 929 2675; x_wconf 87' lang='lat' dir='ltr'><strong>lentus</strong></span> <span class='ocrx_word' id='word_1_116' title='bbox 953 2631 1038 2676; x_wconf 83' lang='lat' dir='ltr'><strong>annor</strong></span> 
     </span>
    </p>
   </div>
   <div class='ocr_carea' id='block_1_4' title="bbox 163 2691 338 2732">
    <p class='ocr_par' dir='ltr' id='par_1_5' title="bbox 163 2691 338 2732">
     <span class='ocr_line' id='line_1_21' title="bbox 163 2691 338 2732; baseline 0.011 -2"><span class='ocrx_word' id='word_1_117' title='bbox 163 2691 263 2732; x_wconf 76' lang='lat' dir='ltr'><strong>Caesaris</strong></span> <span class='ocrx_word' id='word_1_118' title='bbox 279 2693 338 2732; x_wconf 81' lang='lat' dir='ltr'><strong>olile-</strong></span> 
     </span>
    </p>
   </div>
   <div class='ocr_carea' id='block_1_5' title="bbox 161 2719 1516 3354">
    <p class='ocr_par' dir='ltr' id='par_1_6' title="bbox 161 2719 1042 2799">
     <span class='ocr_line' id='line_1_22' title="bbox 161 2719 1042 2799; baseline -0.006 -12"><span class='ocrx_word' id='word_1_119' title='bbox 161 2754 229 2798; x_wconf 59' lang='lat' dir='ltr'><strong>staats,</strong></span> <span class='ocrx_word' id='word_1_120' title='bbox 245 2760 290 2786; x_wconf 76' lang='lat' dir='ltr'><strong>non</strong></span> <span class='ocrx_word' id='word_1_121' title='bbox 307 2759 361 2788; x_wconf 71' lang='lat' dir='ltr'><strong>axo.</strong></span> <span class='ocrx_word' id='word_1_122' title='bbox 498 2719 657 2798; x_wconf 84' lang='lat' dir='ltr'><strong>Nostrique</strong></span> <span class='ocrx_word' id='word_1_123' title='bbox 678 2720 766 2782; x_wconf 86' lang='lat' dir='ltr'><strong>laver</strong></span> <span class='ocrx_word' id='word_1_124' title='bbox 787 2720 930 2799; x_wconf 85' lang='lat' dir='ltr'><strong>principis</strong></span> <span class='ocrx_word' id='word_1_125' title='bbox 955 2738 1042 2782; x_wconf 88' lang='lat' dir='ltr'><strong>acres</strong></span> 
     </span>
    </p>

    <p class='ocr_par' dir='ltr' id='par_1_7' title="bbox 162 2815 1442 3210">
     <span class='ocr_line' id='line_1_23' title="bbox 162 2815 1052 2908; baseline -0.002 -18"><span class='ocrx_word' id='word_1_126' title='bbox 162 2815 213 2844; x_wconf 78' lang='lat'><strong>&#39;‘⁸¹&#39;&#39;</strong></span> <span class='ocrx_word' id='word_1_127' title='bbox 500 2826 629 2890; x_wconf 89' lang='lat' dir='ltr'><strong>Suscitet</strong></span> <span class='ocrx_word' id='word_1_128' title='bbox 651 2827 722 2902; x_wconf 87' lang='lat' dir='ltr'><strong>iras,</strong></span> <span class='ocrx_word' id='word_1_129' title='bbox 745 2827 890 2906; x_wconf 86' lang='lat' dir='ltr'><strong>vobisque</strong></span> <span class='ocrx_word' id='word_1_130' title='bbox 915 2845 975 2908; x_wconf 82' lang='lat' dir='ltr'><strong>ege</strong></span> <span class='ocrx_word' id='word_1_131' title='bbox 997 2827 1052 2888; x_wconf 81' lang='lat' dir='ltr'><strong>siin</strong></span> 
     </span>
     <span class='ocr_line' id='line_1_24' title="bbox 499 2933 1094 3014; baseline 0.002 -19"><span class='ocrx_word' id='word_1_132' title='bbox 499 2935 596 2995; x_wconf 86' lang='lat' dir='ltr'><strong>Causa</strong></span> <span class='ocrx_word' id='word_1_133' title='bbox 621 2933 784 2995; x_wconf 80' lang='lat' dir='ltr'><strong>rnalcrunn:</strong></span> <span class='ocrx_word' id='word_1_134' title='bbox 806 2951 866 2994; x_wconf 91' lang='lat' dir='ltr'><strong>nen</strong></span> <span class='ocrx_word' id='word_1_135' title='bbox 889 2934 948 2994; x_wconf 91' lang='lat' dir='ltr'><strong>hee</strong></span> <span class='ocrx_word' id='word_1_136' title='bbox 969 2935 1094 3014; x_wconf 79' lang='lat' dir='ltr'><strong>primunt</strong></span> 
     </span>
     <span class='ocr_line' id='line_1_25' title="bbox 499 3041 1442 3117; baseline 0.001 -15"><span class='ocrx_word' id='word_1_137' title='bbox 499 3043 623 3103; x_wconf 82' lang='lat' dir='ltr'><strong>l&#39;celera</strong></span> <span class='ocrx_word' id='word_1_138' title='bbox 645 3041 751 3102; x_wconf 89' lang='lat' dir='ltr'><strong>vulnus</strong></span> <span class='ocrx_word' id='word_1_139' title='bbox 772 3059 838 3101; x_wconf 79' lang='lat' dir='ltr'><strong>inea</strong></span> <span class='ocrx_word' id='word_1_140' title='bbox 860 3048 1041 3117; x_wconf 87' lang='lat' dir='ltr'><strong>senserunt,</strong></span> <span class='ocrx_word' id='word_1_141' title='bbox 1386 3048 1442 3103; x_wconf 82' lang='lat'><strong>650</strong></span> 
     </span>
     <span class='ocr_line' id='line_1_26' title="bbox 501 3147 1066 3210; baseline -0.002 -1"><span class='ocrx_word' id='word_1_142' title='bbox 501 3149 646 3210; x_wconf 86' lang='lat' dir='ltr'><strong>Graviora</strong></span> <span class='ocrx_word' id='word_1_143' title='bbox 669 3148 730 3209; x_wconf 92' lang='lat' dir='ltr'><strong>luli.</strong></span> <span class='ocrx_word' id='word_1_144' title='bbox 774 3149 863 3208; x_wconf 88' lang='lat' dir='ltr'><strong>Dabit</strong></span> <span class='ocrx_word' id='word_1_145' title='bbox 886 3147 933 3208; x_wconf 91' lang='lat' dir='ltr'><strong>hic</strong></span> <span class='ocrx_word' id='word_1_146' title='bbox 955 3151 1066 3210; x_wconf 83' lang='lat' dir='ltr'><strong>nestris</strong></span> 
     </span>
    </p>

    <p class='ocr_par' dir='ltr' id='par_1_8' title="bbox 499 3204 1516 3354">
     <span class='ocr_line' id='line_1_27' title="bbox 499 3204 1516 3354; baseline -0.001 -38"><span class='ocrx_word' id='word_1_147' title='bbox 499 3255 599 3316; x_wconf 86' lang='lat' dir='ltr'><strong>Finem</strong></span> <span class='ocrx_word' id='word_1_148' title='bbox 624 3253 703 3315; x_wconf 85' lang='lat' dir='ltr'><strong>curis</strong></span> <span class='ocrx_word' id='word_1_149' title='bbox 726 3253 773 3314; x_wconf 89' lang='lat' dir='ltr'><strong>vel</strong></span> <span class='ocrx_word' id='word_1_150' title='bbox 796 3260 891 3314; x_wconf 80' lang='lat' dir='ltr'><strong>inerte</strong></span> <span class='ocrx_word' id='word_1_151' title='bbox 913 3254 987 3315; x_wconf 72' lang='lat' dir='ltr'><strong>(lies.</strong></span> <span class='ocrx_word' id='word_1_152' title='bbox 1505 3204 1516 3354; x_wconf 37' lang='grc' dir='ltr'><strong>οἱ</strong></span> 
     </span>
    </p>
   </div>
   <div class='ocr_carea' id='block_1_6' title="bbox 377 3493 1368 4211">
    <p class='ocr_par' dir='ltr' id='par_1_9' title="bbox 377 3493 1367 3749">
     <span class='ocr_line' id='line_1_28' title="bbox 447 3493 1367 3562; baseline -0.002 -16"><span class='ocrx_word' id='word_1_153' title='bbox 447 3494 508 3546; x_wconf 80' lang='lat'><strong>629.</strong></span> <span class='ocrx_word' id='word_1_154' title='bbox 547 3493 660 3560; x_wconf 69' lang='lat' dir='ltr'><strong>laycalem</strong></span> <span class='ocrx_word' id='word_1_155' title='bbox 677 3493 802 3546; x_wconf 75' lang='lat' dir='ltr'><strong>lectibus:</strong></span> <span class='ocrx_word' id='word_1_156' title='bbox 833 3497 928 3547; x_wconf 87' lang='lat' dir='ltr'><strong>Sueten</strong></span> <span class='ocrx_word' id='word_1_157' title='bbox 954 3494 1009 3544; x_wconf 76' lang='lat'><strong>49:</strong></span> <span class='ocrx_word' id='word_1_158' title='bbox 1038 3495 1091 3544; x_wconf 77' lang='lat' dir='ltr'><strong>inm</strong></span> <span class='ocrx_word' id='word_1_159' title='bbox 1109 3493 1203 3559; x_wconf 80' lang='lat' dir='ltr'><strong>equites</strong></span> <span class='ocrx_word' id='word_1_160' title='bbox 1224 3494 1367 3562; x_wconf 78' lang='lat' dir='ltr'><strong>adpropin-</strong></span> 
     </span>
     <span class='ocr_line' id='line_1_29' title="bbox 378 3563 1367 3656; baseline 0.002 -20"><span class='ocrx_word' id='word_1_161' title='bbox 378 3586 499 3654; x_wconf 76' lang='lat' dir='ltr'><strong>quabant,</strong></span> <span class='ocrx_word' id='word_1_162' title='bbox 516 3589 604 3653; x_wconf 72' lang='lat' dir='ltr'><strong>necibus</strong></span> <span class='ocrx_word' id='word_1_163' title='bbox 619 3598 785 3656; x_wconf 78' lang='lat' dir='ltr'><strong>praeceptum</strong></span> <span class='ocrx_word' id='word_1_164' title='bbox 804 3598 870 3650; x_wconf 81' lang='lat' dir='ltr'><strong>eret,</strong></span> <span class='ocrx_word' id='word_1_165' title='bbox 889 3597 916 3638; x_wconf 82' lang='lat' dir='ltr'><strong>ut</strong></span> <span class='ocrx_word' id='word_1_166' title='bbox 934 3589 1017 3637; x_wconf 78' lang='lat' dir='ltr'><strong>aivum</strong></span> <span class='ocrx_word' id='word_1_167' title='bbox 1034 3603 1090 3636; x_wconf 84' lang='lat' dir='ltr'><strong>enm</strong></span> <span class='ocrx_word' id='word_1_168' title='bbox 1106 3587 1282 3639; x_wconf 76' lang='lat' dir='ltr'><strong>adtrahereat.</strong></span> <span class='ocrx_word' id='word_1_169' title='bbox 1302 3563 1367 3655; x_wconf 71' lang='lat' dir='ltr'><strong>quaed</strong></span> 
     </span>
     <span class='ocr_line' id='line_1_30' title="bbox 377 3680 1037 3749; baseline -0.012 -15"><span class='ocrx_word' id='word_1_170' title='bbox 377 3692 405 3734; x_wconf 83' lang='lat' dir='ltr'><strong>ut</strong></span> <span class='ocrx_word' id='word_1_171' title='bbox 421 3685 514 3746; x_wconf 80' lang='lat' dir='ltr'><strong>sensit,</strong></span> <span class='ocrx_word' id='word_1_172' title='bbox 536 3721 542 3734; x_wconf 87' lang='lat'>.</span> <span class='ocrx_word' id='word_1_173' title='bbox 563 3721 568 3734; x_wconf 91' lang='lat'>.</span> <span class='ocrx_word' id='word_1_174' title='bbox 588 3718 595 3733; x_wconf 90' lang='lat'><strong>.</strong></span> <span class='ocrx_word' id='word_1_175' title='bbox 617 3685 743 3749; x_wconf 63' lang='lat' dir='ltr'><strong>ferrum</strong></span> <span class='ocrx_word' id='word_1_176' title='bbox 763 3681 887 3748; x_wconf 63' lang='lat' dir='ltr'><strong>iuyule</strong></span> <span class='ocrx_word' id='word_1_177' title='bbox 906 3680 1037 3746; x_wconf 73' lang='lat' dir='ltr'><strong>adeqil.</strong></span> 
     </span>
    </p>

    <p class='ocr_par' dir='ltr' id='par_1_10' title="bbox 378 3774 1368 4211">
     <span class='ocr_line' id='line_1_31' title="bbox 448 3774 1367 3848; baseline -0.004 -20"><span class='ocrx_word' id='word_1_178' title='bbox 448 3777 509 3828; x_wconf 73' lang='lat'><strong>644.</strong></span> <span class='ocrx_word' id='word_1_179' title='bbox 532 3778 625 3842; x_wconf 70' lang='lat' dir='ltr'><strong>infelice</strong></span> <span class='ocrx_word' id='word_1_180' title='bbox 641 3779 719 3828; x_wconf 62' lang='lat' dir='ltr'><strong>ineu:</strong></span> <span class='ocrx_word' id='word_1_181' title='bbox 744 3791 837 3826; x_wconf 86' lang='lat' dir='ltr'><strong>nemen</strong></span> <span class='ocrx_word' id='word_1_182' title='bbox 850 3775 1004 3848; x_wconf 82' lang='lat' dir='ltr'><strong>adieetivurn</strong></span> <span class='ocrx_word' id='word_1_183' title='bbox 1022 3774 1115 3842; x_wconf 70' lang='lat' dir='ltr'><strong>infelice</strong></span> <span class='ocrx_word' id='word_1_184' title='bbox 1132 3777 1215 3826; x_wconf 80' lang='lat' dir='ltr'><strong>activa</strong></span> <span class='ocrx_word' id='word_1_185' title='bbox 1232 3778 1258 3826; x_wconf 84' lang='lat' dir='ltr'><strong>vi</strong></span> <span class='ocrx_word' id='word_1_186' title='bbox 1279 3776 1367 3841; x_wconf 83' lang='lat' dir='ltr'><strong>langi-</strong></span> 
     </span>
     <span class='ocr_line' id='line_1_32' title="bbox 378 3866 1368 3934; baseline -0.006 -14"><span class='ocrx_word' id='word_1_187' title='bbox 378 3881 428 3934; x_wconf 87' lang='lat' dir='ltr'><strong>tur,</strong></span> <span class='ocrx_word' id='word_1_188' title='bbox 445 3868 660 3934; x_wconf 70' lang='lat' dir='ltr'><strong>ncelieillrinqeml</strong></span> <span class='ocrx_word' id='word_1_189' title='bbox 703 3869 846 3932; x_wconf 80' lang='lat' dir='ltr'><strong>Agrippina</strong></span> <span class='ocrx_word' id='word_1_190' title='bbox 873 3866 1011 3917; x_wconf 76' lang='lat' dir='ltr'><strong>Britannici</strong></span> <span class='ocrx_word' id='word_1_191' title='bbox 1037 3885 1150 3919; x_wconf 82' lang='lat' dir='ltr'><strong>noverea</strong></span> <span class='ocrx_word' id='word_1_192' title='bbox 1173 3869 1311 3927; x_wconf 83' lang='lat' dir='ltr'><strong>elleceiat,</strong></span> <span class='ocrx_word' id='word_1_193' title='bbox 1340 3873 1368 3914; x_wconf 91' lang='lat' dir='ltr'><strong>ut</strong></span> 
     </span>
     <span class='ocr_line' id='line_1_33' title="bbox 378 3961 1368 4030; baseline -0.009 -14"><span class='ocrx_word' id='word_1_194' title='bbox 378 3965 445 4016; x_wconf 86' lang='lat' dir='ltr'><strong>llere</strong></span> <span class='ocrx_word' id='word_1_195' title='bbox 464 3966 488 4015; x_wconf 88' lang='lat' dir='ltr'><strong>ei</strong></span> <span class='ocrx_word' id='word_1_196' title='bbox 507 3970 726 4030; x_wconf 82' lang='lat' dir='ltr'><strong>praeponeretur3</strong></span> <span class='ocrx_word' id='word_1_197' title='bbox 754 3961 844 4011; x_wconf 86' lang='lat' dir='ltr'><strong>eadem</strong></span> <span class='ocrx_word' id='word_1_198' title='bbox 863 3964 957 4012; x_wconf 67' lang='lat' dir='ltr'><strong>contar</strong></span> <span class='ocrx_word' id='word_1_199' title='bbox 976 3961 1110 4014; x_wconf 88' lang='lat' dir='ltr'><strong>Claudium</strong></span> <span class='ocrx_word' id='word_1_200' title='bbox 1129 3963 1245 4012; x_wconf 82' lang='lat' dir='ltr'><strong>maritum</strong></span> <span class='ocrx_word' id='word_1_201' title='bbox 1266 3973 1368 4010; x_wconf 87' lang='lat' dir='ltr'><strong>veneno</strong></span> 
     </span>
     <span class='ocr_line' id='line_1_34' title="bbox 379 4050 1367 4122; baseline -0.006 -14"><span class='ocrx_word' id='word_1_202' title='bbox 379 4055 491 4119; x_wconf 78' lang='lat' dir='ltr'><strong>sustulit,</strong></span> <span class='ocrx_word' id='word_1_203' title='bbox 510 4063 594 4106; x_wconf 83' lang='lat' dir='ltr'><strong>mater</strong></span> <span class='ocrx_word' id='word_1_204' title='bbox 611 4053 690 4106; x_wconf 84' lang='lat' dir='ltr'><strong>lilium</strong></span> <span class='ocrx_word' id='word_1_205' title='bbox 709 4071 783 4106; x_wconf 84' lang='lat' dir='ltr'><strong>suum</strong></span> <span class='ocrx_word' id='word_1_206' title='bbox 795 4054 828 4106; x_wconf 86' lang='lat' dir='ltr'><strong>ad</strong></span> <span class='ocrx_word' id='word_1_207' title='bbox 844 4071 942 4106; x_wconf 85' lang='lat' dir='ltr'><strong>summa</strong></span> <span class='ocrx_word' id='word_1_208' title='bbox 960 4055 1063 4122; x_wconf 89' lang='lat' dir='ltr'><strong>quidem</strong></span> <span class='ocrx_word' id='word_1_209' title='bbox 1082 4055 1208 4119; x_wconf 81' lang='lat' dir='ltr'><strong>provexit,</strong></span> <span class='ocrx_word' id='word_1_210' title='bbox 1228 4051 1273 4102; x_wconf 85' lang='lat' dir='ltr'><strong>sed</strong></span> <span class='ocrx_word' id='word_1_211' title='bbox 1292 4050 1367 4102; x_wconf 87' lang='lat' dir='ltr'><strong>simul</strong></span> 
     </span>
     <span class='ocr_line' id='line_1_35' title="bbox 379 4146 1367 4211; baseline 0.002 -13"><span class='ocrx_word' id='word_1_212' title='bbox 379 4149 414 4202; x_wconf 88' lang='lat' dir='ltr'><strong>ita</strong></span> <span class='ocrx_word' id='word_1_213' title='bbox 435 4147 615 4211; x_wconf 85' lang='lat' dir='ltr'><strong>exacerbavit,</strong></span> <span class='ocrx_word' id='word_1_214' title='bbox 642 4156 669 4197; x_wconf 91' lang='lat' dir='ltr'><strong>ut</strong></span> <span class='ocrx_word' id='word_1_215' title='bbox 694 4147 797 4199; x_wconf 84' lang='lat' dir='ltr'><strong>foedum</strong></span> <span class='ocrx_word' id='word_1_216' title='bbox 825 4151 993 4200; x_wconf 86' lang='lat' dir='ltr'><strong>matricidium</strong></span> <span class='ocrx_word' id='word_1_217' title='bbox 1021 4147 1132 4198; x_wconf 88' lang='lat' dir='ltr'><strong>auderet.</strong></span> <span class='ocrx_word' id='word_1_218' title='bbox 1171 4146 1262 4197; x_wconf 84' lang='lat' dir='ltr'><strong>eodem</strong></span> <span class='ocrx_word' id='word_1_219' title='bbox 1292 4147 1367 4200; x_wconf 78' lang='lat' dir='ltr'><strong>niodo</strong></span> 
     </span>
    </p>
   </div>
   <div class='ocr_carea' id='block_1_7' title="bbox 0 0 1534 5026">
    <p class='ocr_par' dir='ltr' id='par_1_11' title="bbox 0 0 1534 5026">
     <span class='ocr_line' id='line_1_36' title="bbox 0 0 1534 5026; baseline 0 3"><span class='ocrx_word' id='word_1_220' title='bbox 0 0 1534 5026; x_wconf 95' lang='lat' dir='ltr'><strong> </strong></span> 
     </span>
    </p>
   </div>
  </div>
 </body>
</html>
