3078 5016
564 538 662 599 Cnuvn
685 537 747 601 llil.
1052 539 1160 604 XXVII
1205 612 1209 618 p

169 721 224 792 tur,
247 715 397 776 diversam
413 718 592 779 sententiam
615 718 785 798 adprobare
807 737 869 782 non
890 729 1030 800 possunt:
1055 723 1162 804 qnippe

166 828 328 900 loquuntur
351 821 439 883 amici
460 823 598 884 horrrines
622 844 658 887 ac
680 826 781 886 verbis
802 826 976 890 honorificis
997 827 1069 890 nihil
1089 847 1162 908 par·

169 936 285 1006 centes,
306 937 336 990 et
355 930 476 993 Tacitus
497 931 561 1010 ipse
582 948 678 994 novus
700 933 730 992 in
751 933 913 994 scribendo
935 933 1073 994 modicae
1095 937 1160 996 vir-

168 1037 237 1097 tutis
258 1043 396 1098 oratores
419 1038 449 1098 in
468 1054 506 1098 eo
533 1055 624 1117 opere
646 1039 802 1117 praeclara
825 1039 974 1116 laudavit,
1009 1048 1160 1119 postremo

168 1161 228 1204 non
254 1150 312 1202 tarn
331 1145 495 1204 carminum
517 1148 698 1223 praestantia
721 1163 808 1224 quam
830 1145 950 1209 dicendi
972 1147 1099 1211 facultas
1115 1156 1160 1209 nt-

167 1267 225 1329 que
249 1250 364 1310 animus
388 1267 459 1310 acer
483 1257 512 1310 et
531 1249 608 1312 tiber
632 1253 663 1312 in
687 1253 823 1314 Materno
846 1253 1024 1316 celebratur.
1065 1255 1161 1328 Quin-

166 1356 288 1416 tilianus
311 1355 448 1434 quidem,
470 1359 519 1436 qui
548 1358 741 1438 Pomponium
763 1359 932 1422 Secundum
955 1363 1079 1441 magnis
1095 1361 1163 1424 tau-

167 1464 255 1527 dibus
279 1463 406 1524 cumulat
429 1464 473 1538 (X
500 1467 511 1524 1
539 1465 615 1542 98),
651 1442 798 1531 Senecam
820 1475 849 1528 et
872 1467 1007 1538 celebrat
1031 1475 1060 1528 et
1082 1469 1163 1532 vitu·
1192 1518 1196 1522 .

165 1579 259 1650 perat,
282 1571 408 1632 Materni
430 1589 469 1630 ne
492 1573 585 1632 verbo
609 1573 728 1652 quidem
750 1577 930 1639 mentionem
956 1576 1068 1634 iniecit.

247 1680 310 1740 Una
333 1685 431 1738 tarmen
454 1680 484 1738 in
506 1667 703 1742 reittatcrnus
724 1682 880 1751 arsencca
903 1688 933 1742 et
955 1681 1092 1748 omnibus
1111 1680 1158 1743 sui

166 1783 280 1844 saecuti
301 1785 399 1863 poetis
427 1786 552 1866 tragicis
588 1785 729 1848 discessit
762 1805 798 1850 ao
823 1806 907 1850 suam
938 1790 1018 1848 viam
1040 1785 1159 1865 ingredi
1224 1799 1231 1810 ·

163 1909 253 1954 ausus
284 1899 338 1954 cst.
392 1893 533 1956 Nimirum
565 1895 690 1957 Graecis
715 1896 939 1978 tragoediarum
973 1893 1157 1974 argumentis

163 1998 243 2060 hand
266 2006 424 2060 conuentus
457 2001 546 2062 etiarn
569 2001 719 2076 dannanus
750 1985 891 2065 historias
925 2019 962 2064 ao
990 2003 1036 2064 sui
1057 1999 1158 2080 poputi

162 2107 283 2168 nomina
306 2107 489 2168 Graecorum
512 2107 621 2186 tabuiis
642 2109 812 2190 adgregare
834 2111 989 2188 suscepit,
1012 2114 1042 2169 et
1066 2106 1157 2168 iabu-

161 2209 210 2274 iae
230 2231 328 2292 genus
357 2215 427 2276 otim
459 2215 562 2278 liberis
592 2217 637 2278 rei
671 2215 808 2295 publicae
840 2211 1025 2292 temporibus
1047 2228 1156 2290 magno

161 2335 308 2382 successu
324 2321 455 2399 cultum,
484 2323 540 2384 sed
560 2339 632 2384 mox
655 2321 825 2402 neglectum
847 2339 884 2382 ac
905 2335 1001 2398 paene
1024 2318 1055 2381 in
1077 2316 1157 2379 otti-

160 2406 463 2492 vionemdeduotum
486 2431 517 2490 in
536 2430 626 2489 vitam
649 2430 782 2490 excitare
804 2433 928 2488 conatus
951 2431 1008 2486 est.
1060 2424 1093 2484 ln
1116 2441 1154 2492 eo

161 2539 258 2592 autern
280 2551 395 2612 genere
422 2537 472 2614 qui
501 2535 626 2596 Materni
652 2535 787 2614 vestigia,
811 2531 937 2611 posthac
968 2537 1088 2592 secutus
1109 2531 1156 2604 sit,
1223 2546 1225 2560 ¹
1297 2515 1301 2522 ⁴

160 2655 259 2712 nemo,
272 2639 337 2698 sive
360 2639 432 2702 vixit
453 2643 518 2703 sive
540 2641 570 2702 in
592 2641 699 2702 litteris
710 2641 822 2703 Latinis
844 2644 1033 2698 memoratur.
1065 2637 1155 2723 ‘Quae

160 2764 226 2806 oum
249 2746 289 2808 ita
311 2748 395 2824 sint,
431 2749 500 2828 quis
519 2747 674 2810 Octaviam
706 2753 914 2826 praetextam,
953 2762 1039 2824 quarn
1063 2743 1156 2804 tribus

159 2852 310 2920 minimam
327 2855 413 2916 annis
435 2860 505 2934 post
518 2855 655 2918 Senecae
676 2854 788 2917 obitmn
809 2873 826 2914 a
847 2858 935 2932 poeta
948 2851 1061 2914 Neroni
1083 2850 1177 2930 pro-s

161 2959 326 3044 pemodum·
343 2960 460 3040 aequali
484 2959 593 3020 iactam
617 2967 648 3020 et
668 2963 786 3022 ratione
807 2979 824 3020 a
847 2959 967 3020 Seneca
989 2963 1155 3019 monstrata

161 3065 198 3126 ab
219 3066 368 3127 imitatore
389 3065 477 3144 paulo
501 3066 644 3128 inferiore
665 3083 839 3145 expressam
861 3081 931 3124 esse
943 3062 1081 3136 vidimus,
1103 3061 1154 3122 fa-

161 3172 260 3248 bulam
280 3175 451 3236 recitationi
474 3181 505 3236 et
524 3173 704 3254 tegentibus,
726 3190 787 3234 non
811 3190 923 3234 scenae
946 3178 977 3232 et
997 3170 1154 3232 histrioni.-

158 3279 215 3342 bus
236 3283 451 3362 compositam,
474 3283 634 3362 scripsisse
655 3283 760 3343 iustius
783 3281 952 3356 videbitur,
976 3298 1063 3359 quarn
1087 3277 1154 3340 Ma-

158 3393 260 3448 ternus
281 3389 417 3450 Seneoae
450 3390 580 3449 imitator
604 3394 702 3448 aetate
730 3393 759 3446 et
788 3389 902 3466 tragica
930 3389 1039 3468 virtute
1061 3385 1149 3464 paulo

162 3587 257 3636 dictori
282 3587 334 3636 sint
349 3587 448 3653 posteri
465 3588 555 3638 nostri.
594 3585 626 3637 ci.
646 3601 667 3635 c.
689 3587 740 3638 10:
762 3596 843 3638 tecam
859 3587 935 3650 mitt,
956 3587 1091 3650 Materne,
1109 3603 1151 3636 res

160 3688 205 3742 est,
226 3682 365 3744 quodcum
383 3690 542 3732 naturatum
561 3684 688 3750 inipsnm
712 3699 799 3732 arcem
815 3682 974 3748 eloquentiae
992 3685 1080 3746 serat,
1106 3697 1150 3760 cr!—

162 3789 225 3824 rnre
249 3775 331 3822 mavis
355 3785 379 3824 et
404 3793 501 3826 sarnnta
528 3778 633 3844 adeptus
661 3779 689 3826 in
716 3777 853 3826 lenioribus
879 3775 999 3824 subsistis.
1038 3773 1146 3823 ibidem:

159 3869 306 3935 efformasset
328 3867 395 3916 enim
416 3871 454 3918 vis
474 3869 665 3936 pulcherrimae
685 3878 796 3920 naturae
822 3877 900 3918 trane:
928 3885 976 3918 nec
997 3885 1046 3935 pro
1066 3869 1149 3916 arnico

159 3958 255 4028 aliquio,
272 3963 317 4012 sed
339 3962 404 4027 quod
421 3964 588 4028 pariendosins
605 3974 650 4027 est,
668 3981 716 4032 pro
728 3965 826 4015 Catone
847 3965 967 4030 offendes.
1000 3978 1023 4011 c.
1042 3963 1076 4012 2:
1094 3977 1151 4010 cum

161 4055 296 4123 offendisse
310 4056 451 4122 potentium
467 4055 566 4104 animos
586 4057 735 4120 diceretur,
762 4065 884 4120 mnpnam
910 4056 940 4105 in
954 4071 983 4103 eo
1002 4053 1151 4121 tragoediae

159 4157 307 4216 argumento
326 4150 367 4200 sni
384 4149 476 4200 oblitus
494 4155 593 4200 tantum
612 4149 735 4202 Catonem
753 4149 894 4218 cogitasset.
