3058 5026
445 579 520 643 Aer.
537 581 571 640 V.
599 581 683 642 Vens.
697 580 872 646 898-947.

287 755 380 817 Remo
402 758 539 835 pendens
563 761 688 839 querulo
708 777 832 839 possem

287 860 410 922 Gutture
436 872 581 926 maestum
602 864 728 926 sundere
753 883 891 928 murmur.

565 969 734 1032 Chorus.

288 1073 412 1154 Regitur
429 1074 500 1136 satis
520 1076 646 1137 mortale
670 1094 783 1156 genus,

285 1179 348 1240 Nec
362 1163 432 1255 ,sibi
454 1181 612 1261 quidquam
634 1183 785 1262 spondere
806 1191 904 1264 potest

288 1285 416 1348 Finnum
438 1294 468 1348 et
490 1288 614 1364 stabile3

288 1392 345 1454 Per
363 1410 440 1472 quae
463 1411 552 1455 casus
574 1395 670 1455 volvit
695 1396 796 1456 varios
854 1418 859 1426 ‘

286 1497 410 1576 Semper
430 1499 519 1559 nobis
540 1499 699 1559 metuenda
723 1498 798 1561 dies.

285 1604 423 1664 Animum
446 1604 562 1667 firment
583 1606 717 1684 exempla
740 1612 843 1682 tuum,

284 1709 346 1770 lam
367 1711 456 1772 multa
480 1710 586 1771 dumus
608 1728 684 1789 quae
706 1717 806 1773 vestra
828 1711 900 1773 tulit.

286 1815 364 1888 Quid
386 1817 508 1878 saevior
529 1824 576 1878 est
597 1817 726 1879 Fortuna
751 1818 833 1879 tibi‘l

285 1925 328 1986 Tu
350 1924 421 1986 mihi
443 1927 566 2004 primum

285 2029 341 2090 Tot
363 2037 499 2090 natorum
521 2031 715 2091 memoranda
737 2048 868 2110 parens,

286 2135 360 2196 Nate
381 2136 543 2215 Agrippae,
565 2153 658 2196 nurus
678 2137 824 2217 Augusti,

285 2240 427 2302 Caesaris
449 2257 544 2315 uxor,
571 2243 653 2303 cuius
676 2259 787 2304 nomen

285 2345 402 2408 Clarum
423 2354 487 2408 toto
509 2347 589 2409 fulsit
610 2350 640 2408 in
663 2349 754 2426 orbe,

284 2456 376 2516 Utero
398 2457 509 2516 totiens
529 2455 619 2514 enixa
643 2457 730 2534 gravi

286 2561 418 2640 Pignora
440 2561 541 2639 pacis:
560 2578 632 2621 mox
653 2560 812 2636 exsilium,
850 2562 853 2565 ’

285 2668 427 2742 Verbera,
450 2682 558 2726 saevas
582 2685 671 2745 passa
694 2675 838 2746 catenas,

282 2774 409 2850 Funera,
430 2772 547 2850 luctus,
568 2772 688 2833 landem
709 2772 820 2851 letum,

284 2878 421 2940 cruciata
444 2879 503 2939 diu.

282 2985 367 3043 Felix
389 2984 525 3044 thalamis
547 2984 630 3044 Livia
654 2983 745 3043 Drusi

285 3089 426 3170 Natisque
451 3090 545 3152 lerum
568 3092 627 3152 ruit
647 3091 677 3150 in
699 3091 816 3154 lacinus

283 3177 471 3278 Poenamque
494 3215 588 3264 suam.

283 3306 356 3369 lulla
380 3306 482 3368 matris
503 3305 563 3366 lata
585 3311 689 3366 secuta
712 3311 776 3366 est:

286 3414 356 3474 Post
377 3414 468 3492 longa
489 3418 587 3471 tamen
610 3417 745 3488 tempora
766 3411 849 3469 l'erro

232 3630 385 3686 art-924.
422 3634 494 3684 cuins
510 3648 611 3700 pennos
629 3661 663 3671 --
682 3631 791 3696 sundere
807 3648 939 3680 murmur:
958 3631 1067 3695 insignis
1085 3630 1157 3681 locus

163 3735 190 3777 et
209 3726 278 3775 bono
297 3735 375 3791 poeta
393 3727 494 3792 dignus,
513 3725 603 3776 similis
620 3724 701 3774 nobili
721 3723 952 3776 canticcSchilleri
975 3724 1063 3790 (illaria
1074 3725 1159 3774 Stuart

115 3881 119 3892 ι
161 3821 200 3871 ΙΙΙ
223 3822 269 3888 1):
297 3793 555 3882 Edenda-Wolters,
572 3818 663 3886 Scyler
682 3819 728 3868 der
745 3819 832 3883 Laiste,
852 3826 902 3868 eet.
939 3817 1064 3868 eiusmodi
1083 3816 1159 3867 llores

162 3929 214 3965 non
232 3915 335 3963 ituraro
349 3913 376 3960 in
397 3911 445 3960 hae
463 3911 549 3961 fabula
570 3919 596 3962 et
614 3911 639 3960 in
651 3912 767 3964 Senecae
787 3910 926 3976 tragoediis
947 3909 1159 3974 splendescentes

162 4008 240 4059 velim
261 4005 339 4073 paulo
357 4003 508 4071 diligentius
528 4003 701 4068 considerent,
724 4005 768 4070 qui
788 4004 820 4054 de
838 4004 878 4054 his
898 4003 1052 4054 carminibus
1069 4004 1159 4070 paucis

162 4099 249 4151 verbis
268 4096 314 4149 sed
333 4104 482 4163 contemptu
501 4097 621 4163 fastuque
643 4098 728 4162 plenis
746 4098 861 4146 iudicare
880 4097 972 4147 solent.

172 4255 189 4260 ,-
232 4190 293 4243 927.
328 4193 429 4256 firmum
449 4198 473 4242 et
492 4187 599 4240 stabile:
620 4188 654 4238 cl.
676 4188 761 4239 adnot.
782 4188 813 4238 ad
832 4205 856 4239 v.
875 4187 899 4238 4.

1169 1106 1234 1170 Quae
1254 1109 1310 1150 ntiae
1330 1109 1368 1149 do-

1168 1175 1216 1204 mus
1234 1165 1355 1206 Caesareae

1168 1221 1269 1261 mulleres
1285 1232 1368 1272 perper·

1168 1287 1205 1316 soe
1220 1280 1275 1326 sint,
1296 1279 1317 1317 ln
1333 1289 1368 1317 so-

1168 1331 1244 1372 latium
1265 1335 1354 1373 miserae

1167 1386 1254 1438 puellae
1270 1397 1367 1441 comme·

1166 1447 1247 1488 moral.

1165 2173 1236 2214 Tacit.
1251 2170 1310 2213 Anu.
1320 2173 1329 2214 l
1339 2172 1365 2216 33

1166 2234 1188 2268 et
1202 2227 1247 2278 40,
1268 2231 1288 2271 11
1303 2229 1328 2272 lt
1345 2235 1367 2270 et

1166 2281 1193 2328 lt
1207 2290 1231 2325 et
1245 2284 1284 2336 54,
1300 2287 1330 2328 lli
1346 2284 1365 2326 l.

1166 2340 1366 2391 Suetonnugal.

1167 2591 1261 2634 Sueton.
1276 2594 1346 2634 Tiber.

1168 2648 1202 2690 53.
1223 2649 1292 2689 Tacit.
1308 2649 1366 2691 Arm.

1168 2704 1201 2746 v1
1215 2703 1249 2748 25.

1167 3008 1238 3048 Tacit.
1256 3007 1270 3048 Ι.
1280 3019 1298 3049 c.
1314 3007 1368 3050 tva

1168 3067 1188 3102 el
1203 3062 1222 3104 8.
1247 3061 1369 3104 Suetonius

1167 3119 1237 3158 Tiber.
1252 3117 1286 3159 62.
1307 3119 1351 3160 Dio

1170 3174 1230 3215 bVll
1246 3172 1280 3224 22,
1296 3174 1369 3216 ΙΝΙΙΙ

1083 3265 1087 3272 .
1172 3229 1204 3270 ll.

1169 3334 1239 3372 Tacit.
1255 3332 1286 3373 111
1302 3331 1343 3382 29,
1453 3349 1455 3354 ·

1170 3388 1202 3429 Vl
1218 3386 1256 3438 27,
1273 3385 1370 3430 X11132

1170 3449 1193 3483 et
1208 3441 1242 3484 43.
1263 3441 1357 3484 Sueten.
