3058 5026
283 531 284 538 '
370 533 410 595 52
786 497 942 602 Ocrnvmr.

160 723 237 821 ctaup.
257 723 290 767 2⁹.
313 724 357 766 nro
498 713 593 775 Caesa
615 721 681 789 est,
702 719 838 794 quemvis
863 719 988 779 crimine
1009 719 1100 781 nulio.
1123 747 1124 754 ¹

159 783 201 824 ΒΧ
229 780 249 823 8'
496 819 574 892 Quid
593 837 656 882 non
678 825 773 900 potuit
795 824 944 904 quondam
965 828 1096 906 genitrix

493 926 566 1004 Tua,
587 944 663 1008 quae
683 931 762 988 rexit
782 930 926 1009 principis
947 931 1062 1008 aulam,

496 1033 572 1094 Cam
594 1034 702 1096 marito
720 1043 864 1114 partuque
884 1039 1015 1115 potensi

492 1139 605 1201 Eadem
628 1139 738 1202 famulo
758 1143 893 1203 subiecta
916 1137 1008 1204 suos

495 1245 611 1306 Cecidit
633 1247 689 1309 diri
706 1248 806 1314 militis
828 1266 910 1309 ense.

495 1352 583 1428 Quid,
607 1353 656 1413 cui
677 1352 759 1413 licuit
780 1371 906 1434 regnum
926 1357 957 1414 in
977 1356 1098 1422 eaelum

496 1457 634 1536 sperare,
653 1477 763 1538 parens
785 1466 866 1522 tenta
888 1460 1051 1540 Neronis,‘

497 1564 564 1626 Non
586 1565 702 1628 funesta
723 1566 833 1628 violate
856 1569 976 1646 manni¹

494 1671 631 1752 Remigis
653 1679 743 1748 ente,
787 1713 791 1724 ·

496 1777 567 1839 Mox
590 1785 620 1840 et
640 1779 721 1839 ferro
742 1778 883 1841 lacerate
896 1777 945 1840 diu

497 1883 586 1946 Saevi
610 1885 701 1946 iacuit
721 1885 840 1945 victima
861 1885 948 1945 nati?

772 1991 954 2054 Octavia.

162 2106 197 2146 Ex
210 2102 244 2144 his
257 2101 361 2154 exemeris
496 2091 544 2152 Me
569 2109 687 2180 quoque
709 2093 809 2156 tristes
834 2096 920 2156 mittit
942 2094 981 2156 ad
1006 2097 1126 2160 umbras

161 2160 361 2264 ssssisssstfflffaff'
497 2199 590 2258 Ferus
614 2205 645 2258 et
664 2185 783 2276 menes]u
803 2217 898 2276 ecee,
922 2206 1074 2278 tyrannus.
1125 2257 1127 2263 ,

161 2273 254 2312 ¹¹¹⁰¹⁸⁰⁰¹
269 2269 326 2311 ‘¹⁰⁰¹‘
499 2304 576 2376 Quid
600 2305 658 2365 iarn
681 2297 984 2367 trustra'rniseranda
1005 2309 1132 2370 moror?

497 2410 601 2491 Rapite
623 2412 790 2491 edietum,
814 2413 919 2492 quibus
940 2413 971 2474 in
989 2430 1047 2475 nos
1068 2415 1125 2484 ius¹

495 2519 626 2582 Fortuna
650 2519 741 2582 dedit.
775 2521 881 2583 Testor
904 2537 1083 2600 super0s7-

498 2625 576 2698 Quid
599 2627 681 2706 agis,‘
697 2624 846 2688 demens?
876 2626 969 2687 Parce
990 2629 1126 2704 precari,

443 2833 505 2886 952.
539 2832 637 2900 furnulo
654 2831 768 2883 mitecra
785 2847 845 2882 sno:
876 2830 925 2881 fuit
941 2831 963 2881 is
986 2830 1063 2881 Gaius
1087 2830 1164 2882 Silius
1181 2832 1272 2884 consul
1292 2834 1362 2906 desig

374 2935 475 2995 gnatus.
510 2927 542 2976 de
561 2925 648 2976 iarnuli
667 2925 772 2975 nomine
789 2924 822 2974 ct.
843 2924 928 2975 adnot.
951 2924 1026 2974 adv.
1049 2924 1108 2976 105.

443 3021 591 3074 963-973.
627 3020 685 3072 Non
710 3021 772 3072 satis
794 3018 843 3071 sibi
862 3027 1072 3086 condempnent,
1099 3035 1157 3072 cnm
1174 3021 1287 3070 timidam
1304 3027 1363 3070 ante

374 3123 400 3164 et
416 3114 502 3166 mollis
520 3114 597 3164 animi
622 3113 757 3164 mulierem
777 3114 828 3165 iarn
845 3120 965 3181 tanquam
992 3115 1134 3182 viraginem
1154 3122 1179 3164 et
1197 3113 1318 3168 ferociter
1338 3114 1364 3163 in

374 3207 437 3258 deos
454 3214 481 3257 et
498 3205 578 3274 impie
595 3207 622 3257 in
640 3185 738 3272 patrem
758 3223 832 3258 suurn
850 3207 1034 3262 declamantem
1050 3207 1175 3273 producit.
1201 3205 1301 3256 'l'acitus
1319 3220 1363 3257 re-
