3078 5016
602 534 702 596 Curva
723 533 744 594 l.
1125 531 1167 594 Xl

174 713 233 775 hoc
256 717 327 789 εει,
361 731 390 774 v.
414 713 474 776 930
497 730 561 794 sqq.
591 715 664 775 aevi·
681 715 845 777 Neroniani
874 717 1013 774 cometen
1036 710 1168 774 describi

173 825 234 880 tam
256 824 398 880 accurate
421 826 451 880 et
472 827 531 880 lam
553 820 714 899 luculente,
736 827 767 883 ut
789 822 878 881 etiam
899 819 970 878 hinc
993 816 1031 877 ad
1051 835 1169 898 aequa·

135 940 139 948 ’
176 925 236 986 lem
258 931 377 1005 poetam
400 907 449 986 vel
472 934 570 988 aetate
593 945 750 1006 supparem
772 927 881 988 deduci
899 925 1063 987 videamur.

259 1031 499 1112 Sed'antequam
523 1033 613 1096 adid
636 1034 807 1110 contendo,
831 1050 889 1112 quo
913 1031 990 1092 haec
1011 1029 1169 1108 disputatio

176 1146 317 1218 tanquam
343 1139 373 1200 in
398 1157 521 1219 scopum
554 1157 639 1201 suum
673 1157 801 1201 evasura
825 1146 892 1216 εει,
925 1138 984 1198 duo
1014 1138 1103 1197 etiam
1139 1137 1170 1198 in

173 1246 303 1306 animum
337 1245 460 1306 lectoris
490 1247 665 1308 revocanda
687 1253 763 1314 sunt.
819 1245 893 1308 Nam
923 1244 1049 1324 primum
1069 1243 1095 1303 is
1118 1243 1169 1322 qui

77 1341 90 1360 ⁸
172 1347 253 1410 hanc
281 1349 411 1412 fabulam
445 1353 613 1432 composuit
636 1353 783 1416 Senecam
812 1352 943 1436 imitatur
964 1369 1000 1412 ac
1024 1349 1088 1412 lere
1109 1367 1170 1428 pu-

174 1456 258 1518 sillus
283 1457 399 1520 Seneca
421 1463 491 1533 cst,
525 1435 690 1520 minoribus
718 1457 821 1518 nervis
845 1463 877 1517 ει
898 1457 1035 1517 oratione
1056 1454 1169 1536 poetici

173 1565 322 1624 sermonis
344 1562 502 1624 luminibus
524 1564 620 1622 minus
643 1563 758 1638 illustri,
780 1562 836 1623 scd
856 1561 962 1622 eadem
984 1561 1086 1622 sobrie
1101 1559 1168 1638 ple-

172 1686 301 1746 rumque
325 1671 457 1730 coercita
487 1674 517 1729 ct
546 1667 708 1747 prudenter
730 1673 918 1747 temperata,
950 1673 981 1728 ut
1007 1668 1038 1726 in
1065 1666 1167 1726 uilium

171 1777 295 1837 tumoris
325 1782 355 1836 ct
377 1774 473 1854 ¹fucati
500 1781 622 1837 ornatus
648 1753 745 1834 rarius
778 1775 911 1836 incurrat
940 1789 1027 1854 quam
1062 1778 1168 1832 auctor

171 1889 338 1944 ceterarum
359 1881 582 1962 tragoediarum
604 1881 709 1960 quibus
725 1882 863 1944 Senecae
878 1898 988 1941 nomen
1011 1886 1095 1940 recte
1116 1881 1169 1939 in-

169 1990 312 2068 scriptum
332 1989 450 2068 legitur.
479 1987 568 2064 Apud
590 1993 744 2064 utrumque
766 1984 876 2064 longae
899 1984 1063 2058 orationes,
1084 1982 1166 2042 multi

171 2095 352 2156 elocutionis
368 2093 471 2168 liores,
494 2091 675 2152 inventionis
698 2097 727 2150 et
745 2092 873 2154 actionis
888 2089 999 2170 inopia,
1020 2087 1167 2149 eiusmodi

173 2202 317 2262 materiae
339 2198 488 2280 mythicac
512 2215 602 2275 usus,
634 2205 667 2258 ut
689 2199 719 2258 in
741 2197 848 2258 sabulis
869 2198 957 2276 vigor
978 2195 1089 2256 civita
1111 2195 1168 2256 de-

171 2308 331 2370 sideretur.
388 2307 481 2368 Porro
510 2305 646 2368 Senecae
679 2306 846 2385 tragoediis
868 2303 993 2367 Octavia
1024 2305 1114 2363 ctiam
1136 2303 1167 2364 in

173 2427 212 2472 co
237 2411 340 2472 similis
363 2417 428 2487 est,
460 2409 541 2488 quod
572 2407 694 2469 chorum
719 2409 832 2481 habet,
864 2407 943 2468 unde
974 2409 1167 2488 consequitur

172 2525 233 2579 non
255 2518 395 2595 scriptam
418 2535 487 2579 esse
509 2535 546 2578 eo
574 2516 718 2593 consilio,
740 2523 772 2577 ut
796 2517 826 2576 in
851 2533 972 2576 scenam
997 2517 1167 2575 committe-

172 2629 275 2698 retur,
309 2623 365 2685 sed
385 2622 555 2702 legentibus
586 2629 615 2682 et
636 2623 812 2682 recitantem
834 2629 953 2702 poetam
975 2620 1165 2682 audientibus

172 2729 282 2791 iactam
303 2745 372 2789 esse
391 2733 428 2806 ³).
470 2729 513 2791 lta
538 2736 638 2794 tamen
659 2730 791 2790 imitator
811 2747 828 2790 a
848 2728 925 2789 duce
946 2747 1002 2793 suc
1027 2729 1165 2806 discedit,

171 2842 204 2898 ut
224 2837 288 2897 eius
312 2837 430 2897 cantica
453 2853 644 2897 numerorum
666 2837 810 2898 varietate
833 2837 912 2898 nulla
934 2835 1008 2898 solis
1030 2852 1166 2916 anapae-

171 2941 225 3001 stis
249 2925 431 3015 decurrant,
465 2941 549 3001 cuius
573 2941 617 2999 rci
639 2957 759 2999 causam
782 2939 967 3018 probabilem
987 2941 1064 3000 insra
1085 2959 1162 3018 pro-

171 3051 291 3126 ponam.
333 3043 467 3106 Alterum
489 3043 560 3104 illud
589 3043 669 3123 quod
699 3045 853 3105 electore
880 3046 976 3106 teneri
996 3045 1083 3105 velim
1105 3045 1166 3108 hoc

171 3157 226 3227 εει,
247 3149 377 3212 fabulam
399 3149 477 3211 hanc
506 3157 639 3211 nostram
662 3166 724 3211 non
748 3167 817 3212 esse
839 3169 878 3212 cx
901 3169 938 3213 eo
964 3169 1077 3232 genere
1099 3158 1164 3214 tra-

169 3257 364 3340 goediarum,
385 3274 461 3336 quac
482 3257 596 3318 liomae
617 3274 689 3336 prae
711 3259 819 3320 ceteris
842 3257 938 3320 cultae
960 3268 1029 3323 sunt
1050 3279 1087 3322 ac
1108 3278 1164 3322 ce-

239 3461 267 3526 3)
286 3460 392 3512 Scilicet
411 3461 476 3511 haec
496 3464 610 3528 tragicae
630 3463 801 3513 Romanorum
822 3465 908 3529 poesis
927 3465 992 3514 ratio
1013 3461 1080 3525 fuit,
1102 3469 1131 3512 ut
1147 3475 1163 3512 a

170 3555 263 3606 l'abulis
285 3571 350 3622 quae
368 3565 508 3623 operentur
527 3557 556 3606 im
575 3573 655 3607 scena
673 3557 765 3609 chorus
789 3559 909 3610 abesset:
935 3559 996 3608 inde
1016 3555 1088 3608 nulla
1105 3556 1161 3607 Ro-

169 3663 227 3698 mac
247 3649 369 3716 choragia
388 3659 431 3701 aut
453 3651 522 3701 aliud
540 3653 678 3718 quidquam
696 3653 756 3702 huic
775 3653 873 3716 simile,
904 3652 990 3704 nullus
1006 3651 1096 3721 χοροῦ
1116 3651 1160 3702 δι-

172 3741 318 3800 du'cxulcc,
338 3743 398 3794 inde
417 3746 521 3811 propria
539 3745 611 3794 chori
630 3746 697 3811 apud
710 3740 822 3798 Graeco's
841 3747 916 3796 sedes
936 3753 961 3794 ct
979 3743 1164 3810 spectaculum,

170 3834 229 3884 dico
260 3833 436 3896 orchestram,
463 3851 494 3886 ea
517 3837 543 3885 in
574 3836 680 3886 theatris
700 3835 822 3887 Romanis
849 3835 1010 3886 senatoribus
1038 3851 1163 3886 concessa

171 3936 235 3978 erat.
274 3925 362 3992 plures
381 3928 531 3978 recentioris
550 3930 641 3980 aetatis
662 3931 711 3978 viri
738 3927 841 3980 litterati
866 3930 914 3978 hac
932 3929 964 3978 de
982 3944 1011 3978 re
1029 3943 1080 3976 non
1099 3927 1162 3977 satis

169 4028 241 4070 recte
259 4019 389 4085 sentiunt,
410 4035 425 4070 a
445 4023 614 4087 grammaticis
635 4024 765 4080 nonnullis
783 4022 915 4075 veteribus
933 4023 960 4074 in
980 4019 1159 4074 errorcmdc-

170 4113 248 4168 ducti.
