3058 5026
772 562 926 626 Ocravraa

486 737 583 816 Saepe
607 741 758 818 procellae

479 847 538 906 Aut
560 849 666 910 evertit
689 851 817 912 Fortuna
841 855 958 916 domos.

755 957 939 1023 Octavia.

148 1075 209 1117 aaa
222 1059 264 1116 “sara
280 1074 327 1116 rura
483 1066 549 1139 Quo
570 1085 617 1128 me
641 1071 778 1134 trahitis?
799 1074 918 1152 quodve
939 1081 1084 1154 tyrannus

147 1133 260 1182 pramaaio
278 1133 345 1172 riralo-

148 1197 194 1226 rum
210 1191 317 1236 agnosca.
484 1173 544 1233 Aut
565 1175 699 1236 exsilium
723 1181 829 1260 regina
853 1182 950 1258 iubet,

484 1279 515 1340 Si
536 1279 607 1341 milu
628 1283 717 1343 vitam
742 1283 836 1346 fracta
859 1287 982 1348 remittit

484 1383 540 1444 Tot
564 1384 622 1465 iam
643 1391 753 1450 nostris
775 1397 806 1451 et
825 1395 905 1453 victa
927 1393 1038 1455 malis?

483 1489 515 1552 Si
536 1491 631 1551 caede
653 1511 719 1556 mea
741 1497 891 1558 cumulare
912 1507 997 1578 parat
1074 1573 1075 1580 χ

485 1595 593 1656 Luctus
617 1607 749 1679 nostros,
772 1603 886 1665 invidet
907 1607 995 1666 etiarn

486 1699 545 1760 Cur
565 1701 595 1761 in
619 1706 715 1781 patria
738 1707 810 1768 milri
832 1726 924 1770 saeva
943 1711 1045 1771 mori?

485 1807 545 1874 Sed
568 1811 624 1870 iam
648 1829 716 1890 spes
740 1820 786 1874 est
807 1814 885 1876 nulla
908 1816 1029 1876 salutis:

482 1914 595 1974 Fratris
618 1931 710 1974 cerno
734 1916 905 1978 miseranda
928 1924 1031 1978 ratem.

435 2053 439 2060 ·
483 2019 565 2080 Haec
587 2026 643 2096 est,
665 2022 748 2082 cuius
771 2026 870 2083 vecla·
882 2025 987 2085 carina

484 2125 641 2198 Quondam
663 2111 810 2206 genitrix,
832 2147 911 2191 nunc
934 2135 964 2190 et
983 2129 1119 2208 thalamis

482 2233 612 2312 Expulsa
633 2251 723 2295 soror
742 2235 912 2297 miseranda
934 2235 1038 2296 velrar.

481 2337 596 2400 Nullum
617 2338 712 2416 pietas
737 2355 827 2400 nunc
842 2358 951 2402 numen
973 2339 1080 2417 habet,

482 2445 546 2506 Nec
567 2452 635 2507 sunt
647 2438 775 2525 superi:

481 2551 599 2632 Regnat
618 2552 729 2615 mundo
750 2554 843 2616 tristis
863 2555 982 2636 Erinys.

455 2659 554 2730 ·Quis
576 2676 641 2720 maa
663 2659 889 2740 dignedollere
910 2669 1010 2741 potest

480 2761 586 2822 Mala?
629 2765 712 2836 Quae
737 2767 867 2827 lacrimis
887 2769 1005 2827 nostris
1022 2777 1144 2844 questus

479 2867 597 2929 Reddet
617 2869 739 2957 aedon?
781 2871 872 2942 Cuius
893 2889 1008 2950 pennas

480 2975 598 3036 Utinam
619 2976 748 3036 miserae
769 2976 841 3048 milri
865 2975 924 3036 lata
949 2976 1063 3037 darent.

480 3080 626 3161 Fugerem
649 3080 745 3143 luctus
767 3082 863 3144 ablata
885 3099 970 3143 meos

478 3187 579 3248 Penna
604 3187 720 3250 volucri
740 3192 845 3268 procul
868 3197 898 3252 et
914 3195 1035 3256 coctus¹

479 3291 637 3354 Hominum
660 3295 759 3356 tristes
783 3296 968 3376 caedemque
990 3297 1093 3357 leram.

480 3397 551 3460 Sola
573 3401 603 3459 in
623 3417 721 3461 vacuo
740 3418 865 3463 nemore
888 3409 919 3463 et
939 3402 1022 3464 tenui

411 3531 459 3574 903.
489 3537 588 3577 etvlcta
603 3535 741 3577 Gronovius:
756 3537 843 3578 codices
858 3542 938 3582 evicta.
1011 3534 1059 3578 904.
1085 3537 1116 3588 sl]
1133 3535 1227 3578 sortasse
1243 3534 1284 3577 luit
1301 3540 1345 3580 ala.

424 3631 483 3685 908.
519 3633 611 3698 [ratris
630 3651 706 3684 cerno
724 3636 873 3686 miserando
890 3644 992 3686 ratem:
1018 3651 1111 3686 navem
1129 3634 1156 3682 in
1176 3633 1252 3684 alveo
1268 3634 1345 3685 Tibe-

353 3723 389 3773 ris
407 3730 516 3774 stantem
533 3725 566 3774 ab
585 3726 692 3777 Octavia
711 3729 826 3794 conspici
849 3727 923 3792 fingit
950 3733 1045 3791 poeta3
1078 3733 1156 3792 atquo
1184 3727 1251 3778 hacc
1276 3729 1345 3780 idem

353 3817 485 3884 navigium
502 3834 532 3869 sc
550 3819 638 3870 videro
655 3809 735 3886 putat,
752 3835 803 3886 quo
822 3827 902 3870 mater
916 3818 1026 3868 Neronis
1045 3819 1121 3868 morti
1139 3818 1266 3871 destinata
1284 3821 1345 3872 olim

352 3917 428 3962 vecta
447 3920 509 3963 erat.
546 3922 660 3964 ceterum
677 3913 727 3965 hoc
745 3914 866 3963 indicium
882 3921 930 3975 est,
948 3911 1014 3962 hanc
1032 3911 1144 3963 fabulam
1162 3913 1300 3965 lectoribus
1320 3921 1346 3964 ct

352 4008 497 4059 recitationi
516 4007 635 4073 scriptam
655 4013 731 4070 esse,
750 4022 802 4056 non
822 4012 907 4056 autem
927 4008 954 4056 in
973 4021 1051 4058 scena
1071 4017 1172 4059 actam:
1201 4022 1259 4056 nam
1277 4019 1345 4071 quae

353 4109 412 4151 ante
430 4108 532 4152 versata
551 4101 634 4152 estin
652 4097 782 4152 vestibulo
801 4096 909 4164 Palatii,
941 4115 970 4150 ea
989 4099 1074 4151 subito
1098 4099 1130 4150 ad
1147 4101 1227 4165 ripam
1246 4099 1344 4149 Tiberis

354 4202 491 4256 comparet
