3078 5016
391 607 481 670 Xi'iil
558 689 565 695 .
780 605 999 666 Praetereundum

390 779 493 850 sooria*
503 788 718 866 profanantem
745 785 853 846 Vatinii
871 786 1046 863 potentiam.
1082 783 1142 846 Sed
1164 781 1303 860 quoniam
1324 779 1386 842 Vn»-

392 897 458 957 tinii
482 913 593 956 nomen
625 895 646 954 1.
667 895 744 956 Frid.
777 894 921 958 Gronovii
951 893 1062 955 iudicio
1090 891 1264 965 (Obseruut.
1288 890 1326 951 iii
1349 887 1386 967 4)

392 1004 439 1066 his
463 1002 565 1065 verbis
587 1001 698 1062 iliatam
728 1008 794 1079 cst,
824 1004 855 1062 in
887 1002 1042 1063 codicibus
1073 1005 1171 1060 autem
1200 998 1386 1074 amathusi)

391 1109 528 1171 vaticinii
548 1110 666 1188 iegitur,
690 1115 779 1184 ante,
803 1127 842 1168 ne
866 1109 982 1169 incerto
1005 1107 1200 1168 luridamento
1226 1106 1386 1185 disputatio

390 1216 682 1291 postfuturorum,
712 1216 798 1276 huius
826 1217 1020 1276 coniecturae
1050 1215 1162 1278 ventas
1199 1213 1385 1296 vindicanda

390 1327 445 1384 est.
501 1323 548 1382 Ao
581 1322 646 1381 seio
679 1321 798 1400 quidem
829 1338 845 1380 a
877 1321 942 1395 viro
973 1321 1218 1398 ingeniosissimo
1254 1319 1386 1400 mihique

389 1431 595 1506 amicissimo,
619 1431 703 1490 euius
725 1429 866 1490 iudicium
887 1429 916 1488 in
940 1427 986 1488 his
1007 1429 1097 1488 rebus
1120 1430 1221 1509 magni
1245 1429 1342 1505 tucio,
1367 1445 1385 1488 u

387 1537 551 1600 WeIokero
575 1545 680 1600 nostro
703 1537 862 1599 lectionem
875 1536 1012 1597 vaticinii
1029 1536 1194 1613 potentian
1213 1536 1253 1595 ita
1277 1533 1387 1595 deten-

387 1662 451 1707 sum
470 1663 562 1722 esse,
591 1652 623 1706 ut
651 1646 713 1705 oirn
740 1645 844 1722 poecis
874 1643 1069 1704 Neronianae
1099 1645 1135 1704 iis
1164 1644 1266 1704 verbis
1301 1659 1382 1702 nove

387 1752 557 1813 denotatam
580 1769 706 1832 eamque
730 1769 747 1812 a
768 1751 929 1828 Materno,
963 1769 1025 1812 nun
1046 1745 1138 1812 mui'to
1167 1757 1235 1830 post
1271 1751 1385 1812 obitum

386 1857 515 1918 Neronis
536 1858 660 1917 recitata
685 1863 715 1916 et
735 1857 814 1916 edita
834 1857 955 1917 Domitii
980 1855 1079 1916 fabula
1101 1859 1131 1916 in
1149 1857 1279 1918 Neronis
1305 1875 1384 1916 con·

386 1961 536 2025 tumeliam
564 1964 700 2041 scripta,
733 1961 858 2022 fractam
893 1977 961 2022 esse
992 1970 1154 2025 assereret.
1210 1963 1292 2044 Lego
1316 1965 1383 2024 eius

385 2070 534 2151 'fragoed
557 2070 664 2150 Graec.
689 2076 709 2130 t.
723 2068 761 2129 lli
785 2087 813 2148 p.
830 2069 908 2129 lade
933 2087 977 2152 sq.
1023 2070 1136 2150 Quippe
1166 2069 1204 2131 ad
1228 2071 1383 2150 explican-

388 2175 456 2237 dum
478 2175 629 2236 insoiitum
650 2175 729 2235 ituria
750 2175 887 2236 vaticinii
908 2176 1106 2256 significatum
1121 2176 1300 2237 Welckerus
1323 2178 1382 2238 hoo

386 2284 498 2356 statuit,
521 2299 587 2341 earn
609 2297 715 2341 vocem
741 2299 779 2341 ex
800 2299 854 2343 ore
889 2283 1051 2344 adulatoris
1085 2285 1170 2344 atriae
1192 2285 1384 2344 Neronianae

387 2391 542 2468 repetitam
565 2402 643 2449 csse.
671 2388 780 2449 Verum
803 2391 880 2450 enim
903 2407 977 2451 vero
999 2374 1165 2470 quanquam
1189 2398 1275 2450 uates
1292 2408 1385 2471 saepe

387 2496 495 2556 dicitur
522 2497 549 2556 is
578 2499 627 2574 qui
661 2503 707 2558 est
737 2505 846 2576 pocta,
874 2499 955 2578 qtrod
985 2499 1117 2578 opinioni
1151 2515 1224 2560 suae
1254 2499 1386 2562 tuendae

390 2603 569 2672 Weickerus
602 2605 714 2682 attulit,
749 2605 820 2666 inde
853 2613 952 2666 tamon
975 2623 1036 2667 non
1061 2607 1255 2686 consequitur
1276 2605 1388 2668 uatici-

386 2710 468 2770 nicom
492 2711 528 2772 ab
554 2711 675 2772 homine
698 2711 803 2772 Latino
827 2729 882 2790 pro
901 2713 990 2788 poesi
1022 2715 1093 2791 poni
1113 2717 1257 2792 potuisse.
1310 2715 1386 2775 Ete-

390 2819 449 2877 nim
474 2817 653 2878 vaticinium
674 2836 734 2878 non
755 2835 771 2878 a
792 2823 862 2877 autc
886 2817 995 2878 dictum
1016 2826 1071 2896 est,
1095 2820 1149 2880 sed
1170 2838 1187 2881 a
1207 2820 1302 2882 verbo
1324 2838 1385 2882 oa-

387 2924 511 2985 ticinari
531 2925 695 2987 derivatum
718 2931 747 2984 et
772 2924 923 2986 intellectu
934 2925 1063 3002 passion
1084 2927 1249 3006 praeditum
1271 2926 1301 2986 id
1327 2925 1385 3008 deff

387 3039 472 3093 notat
494 3033 575 3109 qaod
596 3031 791 3092 uaticinando
816 3032 914 3092 enitar
941 3028 991 3094 oei
1017 3034 1126 3120 editum
1156 3041 1203 3095 est
1237 3029 1385 3110 (Orniaci.

386 3139 527 3216 speech),
552 3139 800 3216 quemadmodum
822 3139 915 3199 altera
937 3140 1065 3200 nominis
1087 3140 1181 3201 foruna
1202 3141 1302 3200 iterna
1325 3155 1385 3198 oa-

389 3246 541 3304 tioinando
564 3244 654 3318 iacta,
675 3242 870 3318 vaticinatio,
894 3245 992 3304 activo
1014 3246 1164 3306 intellectu
1188 3252 1284 3306 actum
1305 3245 1385 3306 vaii-

389 3351 510 3412 oinandi
534 3349 767 3434 (Weissapnnp)
800 3351 922 3414 indicat.
974 3355 1056 3415 Sicut
1078 3359 1175 3414 autem
1199 3371 1310 3430 nemo,
1343 3370 1383 3413 ne

386 3466 475 3538 poeta
496 3458 626 3536 quidem,
641 3462 807 3523 vaticinari
828 3464 901 3526 dixit
925 3463 956 3523 id
981 3461 1062 3542 quod
1084 3468 1129 3523 est
1148 3467 1287 3541 poemata
1305 3477 1384 3541 pan-

388 3580 482 3643 gere,
516 3581 614 3642 neque
638 3569 883 3632 vaticinationem
913 3589 968 3650 pro
1001 3571 1164 3631 carminum
1189 3569 1382 3630 coniectione

458 3837 484 3906 7)
506 3835 569 3888 Cum
588 3836 721 3900 Belriterus
740 3835 772 3886 ad
790 3835 862 3886 illum
883 3835 962 3884 Taciti
989 3832 1073 3886 iocum
1090 3833 1188 3884 'scribit
1203 3834 1315 3884 ‘Vatinii
1333 3833 1381 3882 ha-

386 3930 448 3980 bere
467 3928 569 3979 videtur
588 3928 626 3993 F’,
644 3931 766 3992 nimium,
785 3931 885 3996 opinor,
905 3927 995 3978 tribuit
1012 3929 1090 3979 infido
1109 3927 1242 3979 Niebuhrii
1262 3925 1378 3977 silentio:

388 4039 445 4074 nam
464 4023 727 4092 nequeSchluttigius
746 4024 813 4090 apud
825 4022 985 4074 Waltherum
1006 4039 1091 4091 neque
1110 4001 1257 4074 Schrautius
1277 4019 1326 4070 lroc
1348 4037 1380 4071 ex

387 4132 419 4168 eo
437 4117 503 4168 libro
524 4121 658 4184 enotavit,
685 4128 711 4170 et
735 4119 785 4169 iam
810 4119 893 4170 codex
912 4119 1095 4170 Perizonianus
1117 4129 1220 4182 quoque
1243 4117 1299 4165 sive
1317 4115 1379 4166 Lei-

386 4211 482 4274 densis‚
496 4212 653 4264 Famesiano
671 4213 820 4277 persimilis,
833 4229 891 4266 cum
903 4214 995 4263 ceteris
1007 4209 1124 4260 omnibns
1135 4209 1254 4261 vaticinii
1262 4210 1378 4276 praebet.
