3058 5026
390 581 428 642 12
807 569 966 632 Ocusvtuu

701 763 704 768 ·
798 745 951 806 Nutrix.

291 844 298 851 ⁶
389 857 485 920 Vince
509 852 704 934 obsequendo
725 851 824 932 potius
845 849 986 910 immitem
1008 847 1114 909 virum.

601 1031 604 1037 ,
796 957 984 1021 Octauio.

389 1071 426 1134 Ut
446 1071 567 1132 fratrem
589 1064 757 1144 odunptum
778 1063 896 1124 scelere
916 1061 1054 1122 restituet
1068 1057 1172 1118 mihi?

797 1167 952 1230 Nutrix.

389 1279 549 1342 Incolumis
572 1284 603 1338 ut
624 1277 666 1338 sis
687 1277 773 1355 ipso,
794 1273 942 1336 lebentem
963 1276 995 1334 ut
1015 1270 1136 1332 domum
1240 1247 1242 1257 ¹

391 1387 542 1450 Genitoris
568 1384 637 1446 olim
658 1383 764 1444 subole
784 1382 924 1444 restituas
948 1385 1007 1440 tuo.
1059 1405 1061 1410 ·

795 1489 975 1551 Octavio.
1086 1500 1088 1504 ’

391 1602 552 1680 Exspectat
572 1598 659 1659 etiam
683 1595 826 1675 principis
848 1593 983 1656 subolem
1008 1592 1132 1653 domus:

390 1707 438 1769 Me
461 1706 525 1768 diro
550 1705 652 1768 miseri
674 1703 735 1766 sete
755 1701 892 1784 germani
914 1698 1042 1760 trahunt.

788 1805 942 1868 Nutrix.

393 1919 554 1981 Confirmet
577 1918 705 1980 animum
727 1913 835 1976 civium
858 1917 956 1974 tentus
978 1909 1075 1969 favor.

653 2023 654 2028 ’
792 2018 967 2080 Ootovie.

394 2133 513 2196 Solatur
533 2131 590 2193 iste
612 2135 738 2206 nostra,
759 2143 822 2189 non
842 2124 957 2187 relevet
977 2122 1064 2184 mole.

792 2229 938 2292 Nutrix.

395 2339 448 2404 Vis
468 2357 576 2420 magua
598 2337 697 2418 populi
720 2341 774 2399 est.
1000 2326 1004 2334 ’

730 2442 736 2464 ”
793 2439 970 2501 Octavio.

706 2587 708 2592 ,
790 2545 936 2624 Principis
957 2543 1054 2604 maior
1073 2545 1185 2602 tamen.

788 2651 947 2714 Nutrix.

396 2763 547 2844 Respiciet
567 2763 631 2840 ipse
657 2759 824 2837 coniugem.

794 2858 978 2924 Octavia.

862 2965 962 3028 Pollex
983 2967 1074 3026 vetut.

794 3075 941 3139 Nutrix.

398 3187 498 3250 innuo
524 3184 638 3248 cunetis
660 3195 777 3260 nempe.

727 3309 731 3314 ·
796 3280 971 3344 Octavio.

809 3389 869 3454 Sed
895 3403 966 3450 care
987 3388 1034 3446 est
1055 3379 1131 3442 viro.

471 3535 531 3586 187.
575 3533 687 3583 nondum
708 3547 777 3582 uxor
798 3538 853 3580 est:
882 3525 1018 3592 responsio
1046 3521 1111 3572 hoec
1137 3513 1244 3568 nutricis
1267 3511 1390 3564 Octaviae

400 3625 495 3676 dietum
513 3624 671 3692 praecedens
690 3624 734 3673 s’ed
753 3638 819 3673 coru
836 3629 872 3671 ost
889 3621 945 3669 oiro
960 3617 1066 3680 corrigit
1075 3617 1217 3674 monetque
1229 3607 1312 3656 eitum
1321 3604 1390 3668 Pop-

399 3733 481 3784 paeae
500 3717 629 3770 Neronem
646 3718 758 3770 nondum
780 3717 830 3768 dici
849 3705 899 3765 nisi
917 3727 964 3778 per
982 3710 1088 3760 abusum
1106 3716 1194 3771 posse.

471 3811 530 3862 194.
566 3828 654 3881 nempe
672 3811 818 3880 praelatam
834 3810 900 3860 sttts
932 3822 991 3856 oum
1008 3805 1035 3853 in
1052 3800 1124 3851 libris
1143 3794 1245 3860 scriptis
1264 3792 1392 3857 editisque

400 3906 524 3957 Octaviae
542 3913 712 3955 nomenante
732 3904 798 3954 hoec
815 3902 937 3954 omissum
957 3904 1047 3958 esset,
1071 3890 1179 3942 Bothius
1198 3885 1223 3935 id
1239 3893 1309 3935 recte
1328 3897 1392 3946 sup-

400 3998 490 4064 plevit,
508 3998 553 4050 sed
574 3998 641 4048 idem
659 3998 736 4048 etium
752 3997 866 4048 uetusta
883 4002 907 4046 et
924 3991 1025 4044 humitis
1047 4017 1078 4029 -
1099 3991 1206 4037 testatur
1222 3995 1294 4030 suum
1312 3976 1392 4028 Oeta-

400 4092 459 4141 viee
476 4107 610 4159 perperam
629 4091 805 4144 continuavit:
822 4089 930 4141 Octavia
947 4086 1015 4138 enim
1031 4080 1112 4133 tribus
1131 4071 1217 4126 verbis
1238 4069 1392 4120 senteutiam

400 4198 416 4232 a
434 4185 535 4234 nutrice
550 4185 695 4237 inchoatam
713 4185 811 4238 ironice
830 4181 923 4252 probat
941 4188 967 4232 et
983 4173 1110 4234 invertit,
1143 4178 1196 4223 non
1223 4176 1282 4214 8⁸⁵8
1294 4203 1297 4208 -
1311 4163 1391 4214 metui
