3058 5026
426 553 502 616 Aer.
513 553 549 616 ll.
570 553 658 618 Vens.
670 552 846 638 ‹tofi-515.

556 735 671 797 Nero.

137 837 243 900 Munus
265 837 389 899 deorum
412 844 469 918 cst,
490 841 554 919 ipsa
576 840 657 921 qnod
679 842 772 902 seruit
791 841 862 903 inihi

138 935 232 1007 Bonna
254 951 284 1006 'et
305 951 437 1025 senatus,
459 946 598 1027 quodque
620 929 662 1009 nb¹
681 949 782 1010 invitis
802 965 911 1029 preces

137 1051 328 1131 llurnilesque
350 1069 444 1114 voces
467 1055 606 1132 exprimit
625 1056 721 1116 nostri
742 1060 848 1116 metus.
905 1065 907 1070 '
955 1063 963 1070 '

138 1157 267 1222 Servare
289 1157 372 1218 cives
392 1156 519 1238 principi
540 1163 571 1219 et
590 1159 706 1238 patriae
725 1174 857 1240 graves,

60 1268 121 1321 495
140 1263 228 1324 Claro
251 1268 397 1326 tumentes
422 1281 557 1345 genere,
580 1282 658 1346 quae
682 1265 833 1328 dementia
856 1273 925 1344 est,

139 1366 210 1428 Curn
232 1367 323 1428 liceat
338 1385 406 1432 ,una
429 1385 508 1430 voce
531 1374 689 1449 suspectos
712 1371 771 1432 sibi

136 1471 214 1535 Mori
236 1472 368 1535 iubere?
410 1473 518 1536 Brutus
541 1475 571 1536 in
594 1476 719 1536 caedem
744 1476 850 1554 ducis,

137 1579 166 1642 Α
189 1595 248 1659 quo
272 1579 397 1650 salutem
418 1580 543 1659 tulerat,
563 1584 689 1645 armavit
709 1598 825 1644 manns.

137 1682 269 1745 Invictus
286 1684 375 1763 acie,
397 1685 531 1765 gentium
554 1685 704 1763 domitor,
726 1686 791 1747 lovi

62 1801 121 1854 500
137 1789 290 1870 Aequatus
312 1790 389 1853 altos
408 1808 501 1871 saepe
522 1810 577 1874 per
597 1791 746 1855 honorurn
767 1791 899 1874 gradus,

138 1895 253 1959 Caesar
276 1897 409 1960 nefando
432 1899 540 1960 civium
562 1900 680 1962 scelere
710 1899 833 1962 occidit.

139 2000 285 2074 Quantum
307 2002 424 2065 cruoris
445 2003 540 2066 Rorna
562 2011 634 2066 tunc
655 2003 729 2065 vidit
749 2005 815 2083 sui,

140 2107 287 2169 Lacerata
307 2107 430 2170 totiens.
473 2107 528 2169 llle
549 2110 599 2187 qui
620 2109 727 2170 meruit
743 2110 793 2188 pia

140 2213 256 2275 Virtute
281 2215 414 2294 caelum,
438 2215 523 2276 divus
544 2216 718 2296 Augustus,
739 2215 823 2277 viros

59 2339 118 2392 505
140 2324 220 2398 Quot
241 2323 391 2384 interemit
410 2321 546 2401 nobiles,
566 2324 709 2400 iuvenes,
735 2332 861 2400 senes„

139 2429 268 2510 Sparsos
289 2429 487 2509 perennem,
508 2447 575 2491 curn
595 2445 668 2490 suos
688 2428 793 2490 mortis
816 2431 897 2489 metu

138 2538 290 2620 Fugerent
310 2541 435 2615 penates
456 2541 486 2596 et
505 2535 593 2596 trium
614 2535 727 2596 ferrum
748 2534 878 2612 ducum,

139 2642 252 2706 Tabula
273 2647 396 2703 notante
417 2640 537 2703 deditos
559 2641 635 2730 tristi
654 2641 751 2704 neci?

139 2749 283 2830 Exposita
303 2749 410 2810 rostris
433 2748 532 2829 capita
554 2764 711 2810 caesorum
731 2754 832 2827 patres

16 2901 21 2918 .
63 2867 120 2920 510
140 2855 252 2920 Videre
271 2855 387 2932 incesti,
408 2854 483 2916 llere
504 2872 563 2915 neo
584 2854 668 2915 licuit
689 2871 784 2932 suos,

142 2966 208 3027 Non
230 2980 367 3044 gernere,
390 2961 455 3022 dira
478 2961 547 3021 tabe
569 2960 682 3039 polluto
703 2961 792 3040 foro,

140 3068 274 3134 stillante
298 3066 383 3128 sanie
406 3082 461 3145 per
480 3070 583 3144 putres
605 3063 701 3127 vultus
722 3064 818 3144 gravi.

140 3176 204 3239 Nec
223 3173 290 3236 linis
313 3173 363 3235 hic
388 3173 506 3233 cruoris
526 3177 577 3232 aut
598 3169 703 3232 caedis
727 3172 817 3232 stetit.

143 3283 257 3344 Pavere
280 3281 420 3343 volucres
442 3283 473 3341 et
495 3278 575 3340 ieras
593 3293 707 3340 saevas
730 3278 781 3340 diu
893 3322 897 3330 .

68 3400 123 3451 515
143 3390 257 3452 Tristes
277 3388 399 3468 Philippi
410 3406 419 3464 3
440 3384 541 3448 hausit
564 3392 594 3446 et
614 3385 744 3448 Siculum
769 3399 853 3445 maro

201 3642 249 3686 500.
277 3632 340 3686 attor
356 3640 457 3685 Grotius:
473 3641 520 3684 libri
535 3642 604 3684 attor.
711 3640 757 3684 515.
788 3639 876 3692 leuati}
891 3641 969 3684 mersit
984 3637 1117 3683 Gronovius.

214 3889 275 3941 515.
311 3888 427 3940 Siculum
442 3907 532 3942 maro:
558 3889 678 3956 intelligo
699 3903 798 3955 pugnas
817 3888 849 3939 ab
867 3887 1007 3941 Octaviano
1024 3887 1137 3939 Caesare

144 3985 252 4052 eiusque
271 3983 379 4034 ducibus
398 3999 455 4034 cum
473 3985 543 4038 Sexti
566 3984 681 4050 Pompeii
706 3981 790 4034 classe
815 3982 966 4049 perplures
987 3997 1068 4034 annos
1087 3997 1137 4033 va-

144 4081 182 4129 ria
200 4078 303 4130 fortuna
321 4086 348 4128 et
363 4077 451 4130 multis
471 4079 498 4128 in
523 4078 608 4128 vicem
628 4075 744 4128 cladibus
763 4079 933 4141 commissas,
962 4077 1045 4129 donec
1060 4079 1136 4130 Pom-

145 4174 218 4239 peius
235 4176 330 4227 virtute
348 4174 481 4241 Agrippae
500 4171 602 4224 tandem
623 4185 763 4237 oppressus
787 4177 834 4222 est.
