3058 5026
450 535 525 596 Aer.
541 532 575 594 ll.
599 532 684 594 Vena.
701 531 875 598 tat-448.

565 715 731 780 Seneca.

167 819 244 882 Nihil
267 821 296 880 in
318 819 501 898 propinquos
522 824 634 880 temere
657 821 797 882 cunstitui
822 819 919 882 decet.

586 927 701 988 Nero.
778 983 783 990 .

97 1037 151 1090 440
168 1031 249 1094 lustc
271 1049 341 1094 esse
362 1031 452 1094 facile
473 1036 536 1110 est,
559 1034 607 1094 cui
628 1038 716 1097 vacat
734 1039 839 1112 peetus
863 1037 952 1095 rnatu.

489 1213 493 1222 .
565 1140 730 1202 Seneca
769 1119 819 1204 ,’

169 1247 307 1344 Magnunr
330 1249 446 1310 timoris
468 1248 641 1334 remedium*
657 1249 815 1311 clementia
837 1255 893 1310 est.

513 1341 519 1357 ’
583 1357 700 1418 Nero.

167 1460 351 1542 Extinguere
374 1462 493 1522 hostem
515 1464 642 1522 masline
665 1467 711 1522 est
732 1465 824 1524 virtus
845 1462 940 1524 ducis.

443 1630 446 1639 ,
568 1568 734 1628 Seneca

167 1674 296 1736 Servare
318 1675 401 1736 cives
422 1675 518 1736 maior
538 1680 584 1736 est
607 1674 720 1752 patriae
740 1674 825 1754 patri.

521 1857 524 1866 Ι
589 1781 700 1844 Nero.

167 1885 345 1966 Praecipere
369 1890 470 1952 mitern
493 1890 635 1950 convenit
657 1889 757 1967 pueris
776 1904 890 1950 senem.

564 1993 732 2055 Seneca.

97 2102 155 2178 445,
170 2095 314 2176 Regenda
337 2099 433 2178 magis
456 2104 502 2158 est
523 2097 638 2160 fervida
661 2097 877 2162 adolescentia.

589 2204 705 2266 Neru.

171 2309 278 2371 Aetate
297 2311 329 2371 in
350 2309 506 2372 hact‘satis
530 2327 599 2372 esse
622 2309 730 2372 consili
749 2303 831 2373 reor.

477 2484 480 2492 .
515 2495 517 2498 γ
567 2419 731 2481 Seneca.

171 2522 208 2583 Ut
230 2521 309 2588 laeta
330 2525 431 2603 superi
452 2525 649 2604 comprobent
670 2541 788 2604 semper
809 2529 867 2586 lua.
925 2577 929 2587 .

214 2694 219 2698 ,
586 2625 703 2694 Nero.

169 2735 262 2798 Stulte
283 2737 432 2814 verebor,
453 2737 518 2816 ipsa
541 2752 608 2804 curu
628 2737 754 2815 faciam,
777 2736 862 2800 deos.

169 3013 275 3066 Octavia
294 3030 309 3066 c
328 3015 403 3065 durno
421 3016 553 3082 principis,
570 3017 683 3079 Burrus,
705 3017 826 3082 egregius
847 3015 892 3066 ille
910 3014 1094 3080 praetoriarum
1112 3027 1159 3064 eu-

170 3109 279 3158 lrortiunr
299 3111 463 3180 praelectus,
490 3112 543 3161 vita
563 3110 691 3174 excessit,
716 3109 789 3160 Fenii
808 3109 866 3160 taut
878 3109 993 3172 ¹alterius
1019 3123 1034 3158 e
1059 3107 1159 3158 duobus

168 3205 306 3269 praelectis
327 3205 464 3254 auctoritas
479 3205 610 3255 imminuta
625 3211 681 3268 est,
702 3205 850 3255 uitandam
870 3204 990 3256 Solonius
1008 3201 1160 3270 Tigellinus,

167 3311 258 3348 recens
279 3299 311 3348 ad
331 3299 397 3348 hanc
415 3300 564 3366 dignitatem
591 3299 727 3362 admotus,
751 3298 902 3350 deterrimus
922 3298 1160 3360 m01·taliunr,unus

168 3392 194 3440 in
211 3391 320 3443 Neronis
339 3394 429 3444 lavore
449 3403 476 3444 et
493 3383 575 3461 gratia
593 3394 710 3461 pelleret.
747 3409 772 3444 v.
790 3395 870 3445 Tacit.
888 3395 954 3444 Ann.
971 3395 1031 3454 xlv
1043 3393 1158 3446 57-60.

167 3485 313 3550 praelectus
331 3489 408 3556 igitar
428 3489 464 3552 is,
491 3487 534 3555 qui
553 3487 679 3538 hocloco
699 3495 776 3556 atque
795 3489 889 3539 iterum
906 3495 966 3539 astu
984 3488 1074 3555 quintu
1093 3486 1158 3538 lidus

165 3579 276 3632 Neronis
293 3582 399 3633 satelles
421 3584 567 3648 inducitur,
590 3583 732 3651 Tigellinus
753 3583 821 3635 haud
840 3583 917 3634 dubie
936 3598 951 3634 a
970 3589 1047 3650 poeta
1066 3596 1159 3649 quarn-

167 3675 208 3724 vis
225 3677 328 3726 nemine
347 3692 488 3744 suppresso
506 3677 668 3746 intelligitur.

236 3791 298 3844 448.
334 3794 388 3860 ipsc
405 3812 462 3847 euna
482 3793 599 3863 saelum:
633 3794 767 3845 Claudium
790 3808 935 3861 quanquam
960 3800 1051 3858 aperte
1070 3790 1157 3841 matris

165 3899 268 3936 venenu
287 3895 405 3950 necatum
431 3892 457 3940 in
479 3890 584 3942 deorurn
608 3903 713 3940 nurnero
741 3896 907 3955 reposuerat:
931 3903 956 3937 v.
986 3887 1065 3936 Tacit.
1089 3884 1157 3939 Anu.

165 3977 212 4028 nu
232 3978 286 4040 aa,
313 3981 373 4032 run
390 3982 414 4032 a.
454 3983 559 4034 sueton.
587 3983 689 4034 neone
710 3982 727 4032 e
745 3990 770 4031 et
788 3981 841 4042 aa,
872 3964 987 4030 'clausio
1013 3981 1056 4030 nn
1084 3979 1157 4030 simr-

164 4071 215 4122 lenr
232 4073 338 4124 deorum
357 4083 530 4142 contemptum
540 4076 674 4138 Anicetus,
693 4091 725 4126 ex
742 4075 838 4126 iutinris
850 4073 959 4126 Neronis
978 4075 1075 4137 amicis,
1095 4089 1156 4140 pro-

88 4173 95 4190 ·
163 4167 209 4217 mit
226 4168 293 4234 apud
310 4169 425 4222 'Taciturn
441 4170 507 4224 Anu.
526 4156 582 4224 XlV
601 4170 695 4222 Sentr.

1173 719 1194 756 et
1210 707 1311 761 etate)
1332 708 1372 750 Se·¹

1174 781 1228 811 rrtcu
1244 769 1271 810 sul
1287 769 1373 809 rultlora

1173 826 1314 876 urllrurlntur,
1333 819 1372 862 ssd

1173 881 1264 923 lnrstrn:
1279 885 1297 923 ls
1312 882 1370 920 enlm

1174 939 1202 980 tul
1218 941 1349 979 snevtsstma

1172 1006 1271 1046 qrrarrpre
1286 1006 1336 1036 seso

1172 1056 1297 1103 proruptum
1315 1052 1347 1092 ln-

1173 1107 1254 1147 ellnnre
1269 1117 1320 1148 curn

1174 1161 1269 1202 ostanrllt
1277 1192 1284 1214 ,
1303 1165 1350 1203 tunr

1174 1219 1265 1268 obsequi
1285 1219 1373 1260 recusat

1172 1273 1287 1324 suadenti,
1306 1283 1335 1314 ne

1173 1329 1290 1371 Octaviam
1305 1339 1358 1370 euu-

1172 1387 1243 1433 lugeru
1259 1384 1326 1425 (lema

1172 1441 1250 1493 pellere
1272 1440 1371 1492 Poppae-

1172 1508 1251 1548 atuque
1268 1495 1371 1539 tenueere

1173 1556 1238 1605 paret.
