3078 5016
576 546 676 611 Corra·
695 544 729 607 V.
1061 545 1158 634 xxix

165 725 249 798 Quae
266 711 365 785 'uerba
386 725 436 804 qui
467 726 512 788 sic
548 725 628 790 dicta
658 731 858 809 accepemnt‚
893 731 978 808 quasi
1007 729 1161 791 blaternas

166 828 387 892 declamatione
409 829 538 910 quadam
561 834 662 896 acrius
689 835 721 895 in
744 840 890 914 tyrannos
918 835 1030 922 scripta
1051 835 1161 900 Domi-

113 977 118 984 *
165 935 285 998 tianum.
297 934 422 998 laeserit
445 938 569 1018 eiusque
601 940 747 1002 audaciae
778 958 907 1021 poenam
933 941 1065 1004 ultimum
1087 959 1161 1022 sup-

164 1043 286 1124 plicium
306 1042 452 1122 subierit,
475 1045 504 1108 bi
526 1063 589 1108 non
609 1054 822 1127 reputavemnt
842 1048 1006 1126 Maternum
1029 1049 1087 1110 iam
1109 1065 1163 1110 se-
1212 1047 1216 1054 '

170 1149 268 1212 decim
292 1149 380 1210 annis
403 1157 473 1212 ante
501 1153 636 1236 principe
658 1153 845 1234 Vespasiano
873 1173 890 1216 a
920 1154 1033 1218 forensi
1057 1153 1163 1216 labore

166 1263 198 1318 et
218 1255 338 1320 dicendi
360 1259 482 1339 negotio
516 1277 587 1322 sese
619 1261 794 1324 deianxisse
816 1268 847 1324 et
869 1261 1051 1324 carminibus
1072 1267 1164 1324 totam

169 1365 261 1426 vitam
285 1365 436 1428 insumere
457 1365 599 1428 voluisse.
655 1367 721 1430 Vid.
742 1368 834 1434 Tacit.
856 1367 931 1430 Dial.
954 1388 980 1430 c.
1002 1365 1023 1430 4
1043 1375 1074 1430 et
1095 1367 1114 1428 9
1134 1373 1166 1428 et

168 1472 205 1532 11
229 1477 262 1532 et
285 1472 333 1534 13.
393 1472 580 1552 Quapropter
603 1491 679 1552 quae
699 1471 850 1536 Maternus
871 1475 1042 1536 Domitiano
1068 1476 1166 1553 impe-

169 1585 257 1641 rante
278 1579 425 1640 adversus
454 1585 599 1658 tyrannos
625 1578 830 1656 declamavit,
861 1566 1076 1660 intelligendae
1097 1584 1166 1640 sunt

167 1686 267 1766 potius
294 1687 449 1748 orationes
471 1686 686 1748 dominantium
706 1686 820 1767 tlagitiu
841 1692 1060 1762 exsecrantes,
1092 1700 1166 1762 quas

169 1795 200 1854 in
235 1794 393 1874 tragoedia
426 1793 524 1873 aliqua
558 1795 607 1856 vel
636 1801 791 1873 praetexta
822 1794 968 1856 ediderat.
1024 1793 1168 1871 Sophiste

169 1898 322 1962 blaternas
346 1900 530 1982 appellatur,
556 1901 624 1981 quia
645 1906 739 1962 totum
762 1901 820 1964 hoc
843 1899 992 1962 recitandi
1015 1899 1168 1978 negotium

89 2045 101 2064 ‚
170 2007 210 2068 ad
234 2005 354 2068 dicendi
378 2024 475 2086 genus
496 2004 704 2067 ἐπιδεικτικὸν
726 2013 810 2067 recte
835 2006 978 2068 retertur.
1026 2006 1073 2067 Ac
1095 2004 1168 2066 mibi

170 2114 291 2194 quidem
312 2115 411 2175 animo
434 2115 584 2194 reputanti
606 2112 662 2174 has
683 2113 919 2175 declamationes
949 2111 1095 2174 adversus
1120 2117 1170 2190 ty·-

170 2236 284 2282 rannos
307 2220 473 2282 altlaterno
496 2217 628 2298 prolatas
651 2220 758 2281 iterum
780 2224 888 2298 sponte
903 2235 938 2282 se
954 2217 1059 2278 obtulit
1072 2219 1169 2279 Octa-

170 2329 220 2390 via
243 2333 359 2392 nostrae
400 2327 519 2388 Etenim
543 2343 622 2406 quae
653 2326 752 2388 tabula
775 2326 876 2406 plures
910 2328 941 2387 in
974 2331 1168 2408 tyrannoram

174 2433 328 2496 libidinem
350 2438 381 2494 et
402 2433 554 2494 crudelem
578 2433 706 2493 animum
730 2433 884 2494 orationes
907 2433 1078 2510 contineat,
1106 2449 1169 2494 non

176 2542 266 2604 iacile
279 2543 458 2621 reperiatur.¹
471 2541 515 2602 cf.
528 2559 555 2603 v.
567 2540 703 2616 etl-90,
719 2539 779 2601 aad
789 2538 1171 2618 sqq.‚937sqq.,aaosqq.‚
1194 2527 1199 2538 ’
1307 2519 1317 2530 “

174 2649 237 2712 618
250 2667 327 2729 sqq„
339 2647 400 2710 660
410 2665 486 2728 sqq.‚
499 2646 561 2709 675
573 2665 651 2727 sqq„
664 2646 724 2710 960
734 2665 780 2727 sq.
815 2647 900 2708 llaec
912 2651 942 2706 et
953 2645 1001 2708 his
1012 2644 1119 2707 similia
1132 2644 1171 2705 de
1218 2641 1222 2644 ’

174 2754 296 2818 Nerone
317 2753 606 2830 dictaDomitianus,
631 2753 720 2814 homo
737 2769 798 2814 non
814 2753 911 2814 minus
923 2749 1063 2830 suspicax
1082 2734 1170 2831 quarn
1214 2828 1217 2832 ¹

173 2879 307 2938 saevus,
349 2878 436 2940 quem
470 2860 592 2922 alterum
628 2860 804 2939 calvumque
835 2860 986 2920 Neronem
1023 2841 1200 2932 terebant,=

173 2968 263 3027 etiarn
291 2969 321 3027 in
355 2983 389 3026 se
419 2966 590 3043 conscripta
620 2965 792 3024 existimare
822 2980 948 3041 eamque
978 2962 1017 3022 ob
1048 2977 1171 3022 eausam

175 3077 295 3152 poetam
319 3068 455 3133 aversari
478 3075 508 3129 et
529 3067 664 3147 improba
686 3083 789 3160 poena
807 3067 946 3146 persequi
969 3066 1073 3145 potuit.

256 3177 318 3242 Sed
348 3176 418 3238 huic
442 3175 636 3238 coniecturae
667 3192 729 3238 non
760 3174 880 3235 multum
912 3174 976 3253 ipse
997 3172 1171 3250 tribuerem,

175 3286 235 3348 nisi
261 3284 342 3347 aliud
373 3283 537 3345 accederet
565 3289 770 3364 argumentum
785 3276 797 3359 ‚'
829 3299 887 3362 quo
920 3280 959 3342 ad
981 3280 1108 3342 eandem
1133 3279 1171 3340 de

174 3381 319 3454 Octaviae
339 3398 449 3454 eventu
470 3391 650 3452 sententiam
673 3388 865 3450 deducamur.
901 3387 1044 3447 Nimirum
1065 3401 1173 3464 quem·

176 3496 337 3561 admodum
365 3498 396 3557 in
427 3493 485 3556 hac
514 3496 612 3556 tabula
633 3495 714 3557 Nero
742 3494 906 3574 legitimam
938 3507 1063 3553 uxorem
1086 3507 1171 3552 suam

178 3605 334 3668 Octaviam
356 3602 468 3682 expulit
498 3619 536 3664 ao
557 3601 695 3680 pellicem
717 3601 886 3684 Poppaeam
905 3600 1046 3664 Sabinam
1068 3597 1181 3688 adsoif

176 3709 236 3783 vit,
256 3709 302 3767 sio
322 3707 510 3768 Domitianus
531 3707 690 3787 coniugem
712 3723 797 3768 suam
824 3706 984 3767 Domitiam
1005 3701 1174 3781 repudiavit

180 3823 278 3892 (anno
299 3816 368 3890 post
389 3811 456 3872 Chr.
478 3813 520 3874 tal
546 3843 581 3870 π
607 3810 669 3873 836
693 3812 730 3872 ab
750 3827 779 3871 u.
802 3818 846 3886 c.)
878 3826 915 3870 ao
935 3795 1081 3870 netarium
1106 3823 1172 3868 cum

179 3919 253 3982 lulia
277 3919 333 3979 Titi
355 3917 455 3979 fratris
479 3919 539 3980 filia
569 3919 680 3981 amoris
715 3918 926 3980 commercium
953 3915 1074 3993 babuit,
1103 3930 1175 3976 mox

183 4025 303 4106 quidem
316 4023 474 4086 Domitiam
497 4023 607 4101 populo
630 4024 694 4085 sive
717 4024 870 4104 flagitante
892 4023 957 4082 sive
979 4019 1063 4099 quasi
1083 4019 1174 4100 nagi-

183 4138 264 4226 tante
292 4130 440 4209 reduxit,
481 4127 536 4192 sed
566 4128 698 4190 illicitam
727 4147 794 4190 cum
823 4125 897 4190 iulia
927 4125 1174 4191 consuetudinem
