3058 5026
398 559 438 622 30
814 558 972 623 Ocrnvrre

399 739 518 802 ctasses
541 739 683 818 virosque
705 754 797 819 saepe
818 740 979 816 cedentes3
1002 741 1063 802 suis

398 830 571 906 concussus
596 845 678 908 orbis
701 846 831 922 viribus3
857 864 983 926 magnus
1004 848 1110 922 dueum

397 952 558 1030 Superatus
580 954 647 1013 asie
668 953 812 1032 puppibus
832 953 928 1020 Nilurn
950 957 1024 1032 petit
1045 988 1047 992 ·

398 1057 499 1136 Fugae
520 1061 649 1138 paratiS,
673 1059 736 1137 ipse
759 1061 907 1138 periturus
927 1060 1022 1122 brevi.
1063 1093 1064 1096 κ

397 1163 502 1224 Hausit
527 1181 664 1225 cruorern
689 1167 802 1226 inceste
823 1166 948 1227 Rotnani
973 1167 1083 1228 (lucis

396 1273 550 1349 Aegyptus
572 1271 695 1349 iterurn,
717 1289 795 1332 nune
815 1272 898 1333 leves
921 1273 1043 1335 urnbras
1066 1276 1148 1354 tegit.

396 1375 458 1436 litio
479 1376 625 1456 sepultum
646 1385 691 1439 est
713 1378 802 1456 impie
825 1384 941 1457 gestum
965 1379 1015 1438 diu

395 1481 490 1542 Cirite
513 1482 636 1560 bellum3
663 1483 797 1546 condidit
818 1485 936 1546 tandem
964 1502 1037 1546 suos

395 1589 454 1650 tarn
481 1588 578 1650 sessus
600 1608 691 1654 enses
714 1593 831 1668 vietor,
854 1578 1013 1664 hebetatos
1038 1592 1111 1654 ieris

307 1754 311 1764 .
394 1693 592 1773 Vulneribus,
615 1702 645 1757 et
666 1698 812 1759 continuit
835 1699 988 1776 imperium
1010 1689 1099 1760 rnetu.

333 1845 335 1850 .
394 1800 494 1868 Aratis
515 1801 633 1880 noeque
654 1802 754 1862 militis
777 1808 853 1862 tutus
878 1803 966 1884 fuit,¹

394 1906 505 1966 t‘ietate
527 1905 588 1968 nati
610 1905 706 1966 taetus
726 1907 833 1967 eximie
858 1906 949 1980 deus,

392 2013 461 2074 Post
483 2013 542 2074 iata
569 2016 763 2072 consecratus
788 2016 818 2071 et
837 2011 952 2090 temptis
977 2010 1073 2072 datus.

391 2119 453 2181 Nos
476 2137 596 2199 quoque
618 2119 778 2180 rnanebuat
800 2125 898 2195 astro,
922 2120 948 2179 si
970 2136 1063 2180 saevo
1088 2119 1171 2198 prior

390 2227 470 2287 Ense
496 2241 646 2303 occuparo
668 2225 810 2304 quidquid
831 2225 969 2286 infestum
994 2233 1040 2287 est
1061 2225 1150 2301 rnibi,

390 2334 549 2414 Dignaque
570 2337 703 2393 nostram
727 2332 985 2420 subotesunoaro
1008 2332 1138 2394 doenum.

786 2440 952 2502 Seneca.

389 2546 523 2628 lrnptebit
545 2546 642 2608 autarn
662 2547 754 2626 stirpe
776 2547 899 2608 caelesti
923 2553 1002 2609 tuam

389 2655 538 2716 Generata
561 2653 652 2730 diuo,
675 2653 817 2716 Claudiae
840 2655 947 2735 gentis¹
964 2655 1077 2732 decus,

388 2761 497 2822 Sortite
519 2759 618 2820 i'ratris
639 2775 723 2820 rnore
745 2759 868 2820 lunonis
889 2768 982 2824 torosa
1054 2818 1055 2824 ,

804 2864 917 2927 Nero.

387 2972 505 3034 incesta
526 2971 658 3052 genitrix
680 2971 809 3033 detrahit
829 2973 936 3052 generi
957 2973 1063 3052 fidem,
1160 2995 1161 2998 ¹

387 3078 572 3158 Animosque
596 3095 746 3159 nunquam
768 3079 908 3159 coniugis
931 3080 1048 3141 iunetus
1072 3081 1153 3141 mibi.

782 3185 981 3245 Seneca·
1066 3261 1071 3266 -
1194 3177 1197 3181 ’

386 3287 510 3349 Teneris
533 3289 562 3347 in
587 3287 673 3347 annis
693 3286 773 3348 baud
794 3289 867 3349 satis
887 3286 979 3349 olera.
993 3292 1039 3348 est
1059 3285 1153 3365 fides,

387 3394 503 3457 Pudore
525 3395 620 3458 rietus
641 3411 707 3458 euro
728 3396 803 3476 tegit
822 3394 957 3459 tlamrnas
978 3411 1071 3456 arnor.

457 3768 523 3820 517.ι
553 3783 661 3836 magnas
680 3768 788 3818 dacum:
808 3769 853 3835 qui
867 3769 961 3819 ceteris
979 3766 1112 3819 octaviani
1129 3765 1283 3817 adversariis
1301 3767 1376 3817 victis

387 3877 452 3912 unus
481 3870 614 3927 supererat
635 3861 818 3929 dimidiumque
844 3862 930 3913 orbem
959 3862 1066 3928 irnperio
1092 3860 1246 3923 coercebat,
1277 3861 1376 3912 Marcus

1506 3827 1507 3880 t

386 3959 534 4021 Antonius,
560 3958 581 4008 is
601 3971 663 4024 pree
682 3955 739 4007 aliis
764 3957 905 4008 minoribus
930 3973 1038 4026 magnus
1066 3938 1158 4010 dueum
1175 3954 1207 4005 ab
1225 3954 1274 4004 hoc
1299 3937 1376 4018 poeta

388 4052 542 4120 appellatur.
1506 4085 1507 4098 t

1506 4161 1507 4214 t

457 4187 517 4238 521.
554 4189 621 4242 tetes
637 4189 757 4243 umbras:
776 4151 897 4243 audacter
916 4190 1018 4244 umbras
1038 4187 1107 4250 dedit
1127 4201 1175 4252 pro
1191 4184 1307 4252 retiquiis
1329 4201 1375 4255 ⁰³:
