3078 5016
455 1157 905 1241 malumno.

567 1357 773 1370 n———u——u-u

142 1561 145 1576 ·
264 1537 340 1599 Dum
360 1555 426 1618 per
448 1539 575 1620 aliquot·
593 1543 652 1604 mm
684 1557 783 1602 annos
810 1540 891 1621 quod
921 1542 1058 1617 superest
1080 1536 1134 1598 otii
1157 1553 1176 1600 u

180 1642 314 1704 muneris
334 1643 443 1723 publici
464 1646 725 1711 administratione
737 1645 878 1708 Cornelio
898 1645 1002 1704 Tacito
1023 1642 1175 1721 impendo,

180 1755 213 1810 ut
231 1750 262 1810 in
282 1767 363 1812 noea
384 1768 508 1830 operum
531 1755 597 1816 eius
617 1771 703 1832 quam
717 1753 826 1814 molior
845 1749 1025 1812 recensione
1040 1765 1103 1810 non
1119 1763 1176 1810 so-

179 1855 238 1916 tum
260 1874 338 1936 quae
370 1858 440 1920 olim
467 1861 497 1921 in
520 1859 578 1922 hoc
601 1879 701 1922 rerum
722 1859 869 1938 scriptore
898 1857 946 1918 vel
967 1857 1066 1918 minus
1086 1855 1176 1935 plene

177 1962 320 2025 inchoavi
341 1963 391 2025 vel
412 1982 515 2043 parum
539 1971 623 2026 recte
650 1966 763 2026 tentavi
793 1961 926 2041 suppleta
955 1966 986 2020 et
1014 1957 1173 2022 emendata

177 2075 332 2148 praestare
354 2071 486 2150 possim,
518 2069 573 2132 sed
595 2076 689 2132 totum
710 2069 770 2132 hoc
792 2085 867 2148 opus
890 2068 978 2128 novis
1000 2067 1081 2126 curis
1104 2065 1170 2126 ela·

176 2175 313 2238 boratum
334 2183 365 2238 et
384 2194 466 2240 novo
490 2177 618 2240 oonsilio
640 2182 777 2256 coeptum
799 2193 836 2236 sc
850 2174 1016 2254 perlectum
1031 2171 1169 2250 prodeat,

175 2283 354 2364 aliquotiens
374 2285 448 2346 mihi
464 2285 581 2346 accidit
599 2292 632 2346 ut
653 2286 753 2348 omnia
782 2285 852 2348 huic
880 2285 1003 2364 negotio
1038 2281 1169 2344 coniun-

49 2441 55 2452 .
175 2395 222 2452 cta
247 2396 278 2450 et
298 2390 451 2468 protutura
474 2392 717 2470 circumspiciens
738 2391 777 2452 ad
802 2388 1027 2468 exspoliandum
1050 2389 1080 2450 in
1100 2389 1166 2450 ioca

173 2495 262 2574 paulo
285 2497 449 2558 remotiora
472 2497 616 2558 invitarer
636 2497 736 2575 ibique
759 2514 825 2558 cum
847 2497 1020 2556 auctoribus
1040 2495 1166 2572 quibus-

174 2599 260 2676 dam,
290 2618 366 2680 quos
387 2603 483 2681 primo
511 2602 600 2664 unius
622 2603 715 2663 Taciti
742 2603 840 2682 gratie
867 2602 1075 2682 inspexeram‚
1105 2601 1164 2662 iam

175 2706 353 2767 contrahere
375 2704 603 2768 familiaritatem
624 2713 654 2768 ct
677 2714 792 2788 gratum
818 2708 1030 2771 commercium
1053 2707 1164 2770 diutius

173 2814 349 2875 continuare
371 2814 502 2874 animum
525 2812 710 2875 inducerem.
754 2813 835 2878 ldem
855 2831 911 2876 usu
933 2812 1005 2876 mihi
1028 2813 1162 2874 venitin

169 2919 298 2980 Annaeo
330 2922 457 2982 Seneca.
513 2921 587 2980 Nam
624 2937 683 2998 quo
715 2920 822 2980 melius
851 2920 1103 2999 persentiscerem
1132 2926 1163 2980 et

171 3024 377 3102 diiudicarcm,
399 3041 458 3106 quo
480 3024 616 3088 veritatis
637 3023 735 3086 studio
759 3031 789 3085 et
810 3041 869 3104 qua
884 3024 1084 3089 enarrationis
1098 3029 1161 3085 arte

171 3131 307 3192 Senecae
340 3131 420 3194 facta
451 3147 613 3210 moresque
640 3131 759 3192 Tacitus
789 3131 819 3192 in
840 3129 1007 3192 Annalibus
1030 3133 1159 3210 posteris

169 3238 336 3315 tradiderit,
359 3239 452 3318 ipsius
472 3237 641 3320 philosophi
663 3238 784 3317 scripta,
808 3238 962 3317 praeclara
985 3238 1107 3302 facundi
1129 3245 1161 3300 et

171 3347 292 3407 amoeni
315 3346 431 3426 ingenii
452 3351 655 3420 monumenta,
679 3343 877 3422 pervolutuvi,
900 3361 998 3422 neque
1020 3351 1160 3423 poemata

169 3449 247 3524 eius,
270 3448 300 3507 h.
323 3465 350 3508 e.
373 3449 479 3510 decern
500 3447 567 3509 illas
585 3450 778 3528 tragoedias,
800 3465 874 3527 quas
896 3466 955 3510 una
976 3456 1102 3530 excepta
1121 3449 1159 3510 ab

168 3553 233 3631 ipso
247 3555 365 3618 Seneca
387 3553 567 3633 philosopho
587 3556 774 3634 conscriptas
797 3571 865 3616 csse
888 3563 957 3634 pos-t
978 3556 1078 3618 varias
1100 3573 1159 3618 va·

168 3675 283 3737 masque
304 3661 505 3746 dubitationes
527 3662 559 3721 in
587 3661 651 3724 dics
672 3662 768 3742 tnagis
800 3679 817 3722 a
843 3663 917 3724 viris
939 3663 1038 3724 doctis
1059 3679 1160 3740 ugno-

169 3764 265 3826 scitur
284 3782 321 3826 ac
341 3767 463 3830 firmiter
482 3773 626 3847 recteque
648 3767 782 3830 creditur
796 3773 847 3842 ¹),
877 3767 916 3826 ab
942 3765 1004 3828 hoc
1024 3766 1159 3833 instituto

251 3944 277 4014 1)
297 3943 346 3995 Pro
362 3941 449 3994 multis
467 3959 545 3996 uuum
562 3945 728 3997 Welckcrum
754 3909 868 3996 nostium
895 3951 922 3994 et
948 3944 1082 4012 egregium
1103 3944 1159 3994 eius

168 4033 436 4103 librum‘Trageediae
448 4033 538 4086 Gracc.
560 4039 700 4092 secundum
715 4037 816 4104 cyclum
827 4049 871 4102 cp.
886 4037 1040 4102 dispositae*
1052 4045 1112 4087 tom.
1123 4033 1160 4088 ttt

169 4145 195 4194 p.
211 4127 382 4184 taso-1456
401 4129 520 4183 laudasse
536 4146 583 4197 pro
604 4131 654 4181 hcc
672 4145 729 4182 meo
750 4127 859 4181 consilio
881 4145 950 4182 nunc
967 4133 1029 4183 satis
1049 4137 1097 4182 eat.
