3078 5016
556 557 658 616 Gnrvr
680 551 726 614 ΙΙΙ.
1048 621 1051 636 ι
1088 551 1141 614 XV

148 734 326 814 explicatum
356 738 409 793 cst.
453 733 527 795 Nam
556 733 637 813 quod
668 733 770 794 statuit
798 728 995 792 Neukirclrlos
1027 745 1143 810 suoque

153 857 281 903 assensu
312 837 489 918 comprobat
507 839 710 920 Eckstenios,
747 838 865 918 plenum
897 835 1027 898 indicem
1050 835 1143 898 luisse

149 945 310 1007 Domitium
331 943 505 1023 Neronem,
528 944 559 1006 id
578 945 659 1007 nollo
682 944 773 1006 modo
791 942 914 1023 probari
931 948 1052 1022 potest,
1077 961 1144 1006 com

150 1052 198 1128 is,
222 1051 273 1129 qui
297 1047 415 1114 labulae
436 1069 548 1114 nomen
571 1053 676 1129 dedit,
694 1052 778 1114 Nero
798 1052 948 1112 Romanus
969 1050 1142 1130 imperator,

148 1164 218 1218 ante
240 1173 323 1218 suam
352 1157 544 1236 adoptionem
569 1175 664 1236 usqne
692 1159 729 1220 ad
760 1176 868 1220 annum
899 1159 1006 1220 aetatis
1026 1159 1145 1218 tertium

147 1265 292 1328 murnum
315 1264 371 1338 (cl.
393 1265 485 1326 'lacit
505 1265 585 1326 Ann.
606 1265 660 1326 Xll
676 1267 714 1326 25
740 1272 769 1326 et
790 1265 841 1341 58,
861 1262 927 1326 Xlll
940 1263 977 1339 d)
995 1263 1144 1326 Domitius

148 1369 369 1450 Aenobordus,
388 1389 459 1434 mox
481 1391 498 1433 a
521 1372 644 1436 Claudio
666 1373 802 1453 principe
822 1374 853 1434 in
874 1371 1014 1434 familiam
1036 1378 1066 1432 et
1083 1386 1145 1433 no-

149 1495 218 1540 men
240 1479 431 1542 Claudiorum
460 1481 617 1560 adoptatus
646 1482 789 1544 continuo
814 1478 897 1543 Nero
920 1479 1067 1543 Claudius
1086 1497 1146 1540 ne-

148 1603 206 1665 qua
227 1603 357 1665 unquam
380 1587 528 1647 Domitius
549 1586 749 1648 Aenobarbns
770 1594 939 1648 vocaretur.
974 1586 1021 1646 Ex
1041 1587 1145 1648 diuer-

147 1693 190 1752 sis
211 1699 310 1752 autem
335 1692 519 1771 temporibus
540 1709 650 1754 nomen
681 1692 793 1772 gentile
817 1691 980 1753 Domitium
1001 1699 1031 1752 et
1054 1691 1146 1753 fernl-

147 1800 206 1860 liao
224 1799 404 1866 ,vocabulum
426 1797 578 1860 Neronem
598 1817 616 1862 a
637 1799 773 1861 llalemo
797 1800 990 1861 commixtum
1012 1813 1093 1876 esse,
1114 1799 1145 1859 id
1192 1877 1196 1894 „

10 1917 26 1964 ⁴.
147 1921 245 1985 neque
266 1905 351 1968 credi
382 1925 481 1988 neque
509 1907 586 1968 iuste
618 1906 761 1986 explicari
794 1911 903 1986 potest.
951 1905 1034 1968 Bene
1054 1906 1146 1986 igitur

117 2062 125 2074 .
148 2013 220 2074 ieclt
242 2012 431 2088 wolckerus,
453 2013 535 2091 quod
556 2013 614 2074 hac
634 2014 683 2074 uia
707 2030 768 2074 non
791 2017 949 2074 contentus
972 2012 1059 2073 aliam
1082 2013 1146 2073 clr-

148 2121 315 2198 cumspexit
330 2128 376 2195 (v.
399 2117 551 2200 Tragoed.
574 2117 624 2180 Gr.
647 2125 668 2179 t.
685 2117 733 2179 lll.
757 2135 785 2198 p.
806 2115 915 2197 llos),
937 2120 1092 2202 quamuis,
1113 2127 1146 2180 ut

151 2227 222 2288 mihi
245 2227 382 2302 videtur,
415 2232 445 2289 et
468 2229 532 2307 lpse
554 2245 572 2288 a
591 2243 664 2289 vera
688 2227 883 2289 aberraverit.
931 2226 1046 2306 Quippe
1068 2242 1146 2288 con-

147 2333 287 2396 tumeliae
318 2351 410 2398 causa
441 2333 604 2396 Dmnitium
635 2334 706 2396 huic
728 2333 849 2398 fabulae
875 2334 1005 2396 indicem
1034 2333 1145 2394 lactum

147 2457 217 2502 esse
240 2447 334 2520 putat,
356 2457 419 2502 non
442 2440 601 2502 Claudium
624 2438 783 2500 Neronem.
828 2438 888 2502 Sed
910 2455 986 2520 quae
1011 2440 1146 2520 opinioni

147 2547 311 2610 firmandae
342 2549 487 2626 protulit,
520 2565 557 2610 ca
588 2548 675 2608 nimis
706 2547 820 2608 infinna
844 2553 922 2608 sunt.
978 2547 1095 2607 Etenim
1119 2545 1146 2605 si
1236 2619 1241 2625 .

149 2661 247 2717 maier
259 2654 390 2716 Neronis
403 2652 567 2734 Agrippina
581 2652 754 2714 succensuit
773 2659 830 2726 (eo
845 2652 1022 2730 provocavit
1038 2649 1147 2712 Welc-

149 2763 256 2837 kerus)
279 2760 359 2840 quod
379 2761 469 2822 srlium
490 2777 574 2822 suum
609 2777 626 2821 a
651 2758 774 2831 Claudio
797 2758 855 2819 iam
879 2759 1049 2838 adoptatum
1072 2757 1147 2818 alter

150 2876 180 2930 et
202 2885 293 2930 verus
323 2867 438 2929 Claudii
468 2868 548 2928 lilius'
566 2866 753 2928 Britannicus
783 2866 872 2927 etiam
901 2873 961 2927 tum
985 2865 1147 2926 Domitium

150 2975 306 3050 salulavlt,
336 2992 398 3034 non
419 2972 569 3034 Neronem
599 2981 644 3048 [v.
665 2973 757 3033 'lacit
778 2972 857 3036 Ann.
879 2973 934 3032 Xll
954 2972 1032 3048 41),
1069 2969 1148 3032 haec

152 3078 283 3140 Neronis
311 3075 504 3156 adoptionem
534 3095 551 3140 a
583 3078 756 3140 Britannico
787 3095 850 3139 non
879 3079 1006 3158 agnosci
1034 3077 1147 3157 potavit
1205 3138 1212 3146 ,

154 3185 219 3246 sive
241 3201 275 3245 se
296 3189 401 3264 putare
427 3185 575 3250 simulavit
606 3184 696 3264 idque
720 3185 845 3265 indigne
867 3171 996 3260 tutilo:
1026 3186 1055 3244 in
1080 3184 1145 3263 ipso

153 3297 254 3352 tamen
273 3291 396 3354 Domitii
417 3292 539 3353 nomine
565 3291 640 3353 nilnl
668 3291 868 3353 contumeliae
892 3293 1000 3356 inerat.
1049 3291 1145 3352 Elium

154 3396 234 3474 quod
267 3397 348 3458 Nero
380 3397 435 3457 sub
462 3395 551 3460 linem
576 3396 759 3475 principatus
783 3395 955 3474 indignatos
981 3399 1047 3471 asi,
1078 3409 1148 3454 sese

153 3501 268 3564 crebris
293 3502 400 3565 edictis
422 3501 584 3564 aVindice
612 3502 722 3562 mulum
745 3501 950 3563 dmuroedum
982 3505 1011 3561 et
1041 3497 1147 3562 Aeuo-

153 3607 281 3668 bardum
303 3609 443 3685 (Sueten.
464 3609 534 3672 Ner.
556 3607 614 3684 41)
637 3608 800 3687 appellari,
833 3605 905 3667 nihil
930 3601 1063 3667 ostendit
1088 3603 1147 3664 ali-

151 3730 241 3794 quem
265 3714 386 3778 Domitii
404 3717 535 3779 nominis
554 3721 765 3796 contemplum.
812 3714 872 3774 lam
895 3727 970 3772 vero
991 3710 1018 3770 si
1037 3710 1146 3770 Domi·
1267 3778 1283 3786 ,

220 3891 248 3962 6)
267 3891 406 3942 Suetonius
435 3893 538 3958 paulum
563 3910 578 3945 a
602 3894 689 3945 Tacito
717 3893 869 3958 discrepans
898 3890 1079 3941 condemnem
1107 3891 1145 3938 sic

151 3985 250 4037 rettulit
266 3985 326 4037 Ner.
347 3992 381 4044 7:
410 3986 592 4038 Britannicum
609 3990 736 4054 fratrem,
768 3987 835 4053 quod
859 4002 886 4034 se
906 3991 964 4050 post
981 3984 1146 4049 adoptionem

151 4083 331 4135 Aenobarbum
349 4099 381 4132 ee
394 4078 575 4131 cousuetudine
592 4079 734 4138 salutasset,
752 4088 779 4128 ut
796 4075 946 4127 srcdditiuum
963 4075 1031 4144 upred
1046 4083 1146 4144 patrous

152 4191 264 4243 torpuere
285 4184 392 4226 conotus
412 4183 448 4225 est
467 4171 566 4244 (Nero).
