3078 5016
367 521 431 583 vlll
769 519 986 580 Praernrronrs
1044 561 1047 566 ·

367 705 493 760 mortem
515 698 609 774 obiit,
632 697 688 760 s'ed
709 699 822 780 aliquot
841 697 996 760 menalus
1017 703 1086 776 post
1108 697 1236 758 animam
1258 699 1363 778 exspi-

366 806 444 868 ravit
465 803 593 866 i'ortuita‘
607 803 706 864 mariti
727 803 856 865 Neronis
877 802 1053 878 iracundia,
1074 801 1130 862 abs
1152 819 1211 882 quo
1234 803 1361 882 gravida

332 929 334 931 ·
367 911 434 972 ictu-
453 909 546 970 calcis
570 909 688 972 adllieta
711 917 767 971 est.
811 929 838 971 v.
863 910 957 971 Tacit.
980 909 1058 968 Ann.
1083 907 1148 968 XVI
1173 908 1202 969 6.
1254 910 1364 988 Sequi·-

369 1023 417 1080 tur
435 1017 521 1078 tertia
544 1019 688 1096 temporis
710 1025 803 1093 nota,
833 1017 914 1078 unde
945 1022 1069 1094 apparet
1090 1016 1245 1076 Octaviam
1266 1015 1363 1076 tribus

367 1123 519 1186 minimum
548 1123 638 1183 unam
666 1128 735 1200 post
765 1122 878 1184 obitum
906 1123 1043 1182 Senecae
1076 1120 1194 1180 demum
1223 1120 1363 1197 scriptam

368 1247 448 1292 esse.
502 1229 645 1291 Nimirum
678 1228 816 1290 versibus
837 1228 899 1290 618
924 1245 988 1306 sqq.
1023 1234 1053 1287 ct
1074 1227 1135 1288 698
1158 1243 1221 1304 sqq.
1254 1224 1360 1286 foedus

370 1334 450 1394 vitae
472 1332 569 1392 exitus
589 1333 718 1394 Neronis
743 1340 883 1394 accurate
904 1333 1076 1413 praedictus
1097 1340 1163 1409 est,
1187 1332 1279 1410 turpis
1300 1332 1365 1392 eius
1421 1375 1424 1379 -

375 1457 416 1503 ex
436 1439 511 1500 urbe
531 1437 622 1518 fuga,
641 1439 816 1518 supplicium
838 1457 923 1502 more
944 1440 1089 1502 maiorum
1109 1457 1127 1498 a
1151 1439 1285 1519 patribus
1308 1437 1366 1498 dc-

374 1547 506 1618 crelum,
537 1542 603 1602 sitis
625 1543 734 1604 ultimis
753 1545 833 1604 vitae
854 1544 1013 1605 mmeritis
1035 1542 1205 1622 exantlata,
1235 1545 1366 1624 iugulum

368 1652 504 1731 'denique
524 1649 626 1732 gladio
646 1650 815 1728 praecisum
834 1649 1030 1730 hostibusque
1046 1651 1192 1729 relietum,
1215 1628 1292 1730 quae
1313 1651 1368 1712 tri-

375 1759 431 1820 bus
447 1759 565 1820 demum
585 1765 654 1835 post
675 1759 812 1818 Senecae
833 1763 959 1818 mortem
980 1758 1067 1818 annis
1089 1757 1273 1818 aeciderunt.

458 1866 615 1942 Postquam
639 1864 814 1926 certissimis
833 1864 1017 1942 argumentis
1036 1869 1300 1924 commonstralum
1323 1869 1370 1922 εει
1473 1890 1475 1896 s

379 1971 524 2033 Senecam
550 1970 636 2031 huius
659 1963 952 2030 sabulaeauctorem
974 1969 1079 2032 haberi
1095 1987 1156 2030 oon
1175 1987 1278 2049 posse,
1301 1987 1370 2030 num

379 2078 479 2140 statim
508 2075 547 2136 ad
574 2076 727 2141 saeculum
759 2076 851 2156 longe
874 2076 1019 2154 inferius,
1056 2077 1154 2138 veluti
1175 2078 1213 2138 ad
1237 2085 1370 2156 tempora

380 2183 499 2253 Traiani
521 2182 569 2243 vel
591 2184 679 2242 etiam
701 2185 875 2256 remotiora,
898 2182 1072 2246 delabemnr
1091 2203 1194 2246 verum
1218 2191 1371 2252 auctorem

382 2291 603 2369 acquirentes?
637 2289 716 2352 Nihil
739 2298 786 2352 est
807 2291 887 2372 quod
908 2309 946 2354 eo
967 2309 1025 2354 nos
1050 2292 1216 2374 compellat.
1253 2293 1294 2354 At
1315 2311 1372 2352 au-

382 2403 450 2458 ctor
470 2396 615 2458 Octaviae
637 2397 770 2460 Tacitum
789 2401 955 2478 imperante
975 2401 1106 2462 'lraiano
1128 2417 1200 2464 suos
1214 2399 1374 2462 Annalium

383 2505 477 2568 libros
498 2504 740 2566 conscribentem
771 2505 903 2584 sequitur
930 2511 960 2566 et
986 2507 1122 2568 imitatur.
1166 2505 1233 2566 Non
1255 2511 1301 2564 est
1323 2503 1373 2580 ila,

383 2617 513 2671 nonest
535 2611 584 2673 na.
634 2610 708 2672 Nam
731 2611 800 2691 lege
821 2611 893 2672 milri
915 2612 1050 2673 Senecae
1074 2619 1104 2673 et
1125 2613 1254 2674 Neronis
1277 2609 1375 2672 eollo-

384 2715 484 2794 quium
510 2720 638 2794 apoeta
660 2733 688 2775 v.
710 2716 892 2778 439—de
914 2719 1074 2793 insertum,
1111 2725 1141 2778 et
1161 2735 1263 2778 rursus
1289 2735 1376 2777 com·-
1419 2783 1422 2790 k

383 2839 456 2902 para
479 2839 649 2885 sermonem
673 2824 837 2884 eorundem
860 2841 878 2884 a
897 2825 1000 2885 Tnoito
1015 2826 1056 2885 ‘in
1079 2825 1374 2886 Annalloaslltvec

385 2929 468 2992 -56
492 2947 531 2991 ex
551 2947 625 2992 vero
656 2932 812 3013 utriusque
844 2932 967 3012 ingenio
1000 2950 1174 3012 expressum
1196 2939 1227 2993 et
1252 2933 1376 2993 mirifice

383 3039 591 3116 compositum.
645 3039 733 3118 Apud
752 3045 910 3119 utrumqne
933 3043 1093 3122 imaginem
1118 3049 1243 3104 naturae
1266 3041 1375 3100 animi-

383 3161 442 3224 que
461 3144 593 3206 Nerunis
613 3145 702 3222 plane
723 3143 872 3205 diversam
894 3147 1114 3224 deprehendes.
1164 3147 1253 3206 l‘oeta
1277 3146 1376 3205 Nero·
1462 3221 1472 3232 ·

383 3267 452 3312 nem
473 3250 638 3329 perlectum
667 3233 824 3330 tyrannum
855 3251 970 3314 inducit
997 3253 1206 3334 hominemque
1238 3259 1267 3312 et
1288 3253 1376 3315 sactis

384 3355 418 3420 ει
440 3356 527 3420 dictis
559 3357 759 3437 impudentem
790 3360 939 3421 ostendit:
974 3361 1051 3440 apnd
1073 3362 1205 3422 Tacitum
1237 3359 1315 3420 idem
1346 3361 1377 3420 in

388 3463 517 3524 dicendo
546 3463 700 3541 affabilis,
728 3464 875 3543 blandus,
905 3469 1006 3529 suavis
1030 3473 1197 3546 comparct3
1232 3467 1378 3528 Octaviae

384 3571 514 3648 scriptur
528 3569 680 3641 crudelem
702 3578 732 3632 et
747 3575 906 3634 immanem
927 3593 963 3634 ac
981 3593 1020 3635 ne
1035 3577 1136 3638 verbis
1154 3575 1272 3654 quidem
1289 3575 1380 3653 qnid-

387 3693 474 3756 qnam
497 3677 690 3758 obtegentem
711 3680 750 3741 ob
775 3681 880 3741 oculos
900 3683 1002 3760 ponit:
1037 3683 1115 3762 apud
1137 3683 1270 3744 l'acimm
1294 3689 1380 3743 aslu—
1467 3669 1472 3677 ⁸

387 3788 435 3843 lus
458 3789 488 3842 et
508 3786 663 3847 simulator
687 3793 718 3848 ει
748 3788 872 3870 egregia
897 3806 1034 3871 quaeque
1054 3791 1180 3871 loquens
1202 3791 1280 3852 idem
1302 3804 1380 3866 pro-

388 3887 533 3969 greditur.
576 3890 672 3952 Etiam
693 3911 733 3954 ex
755 3895 823 3956 aliis
843 3896 989 3957 Octaviae
1022 3900 1155 3978 partibus
1178 3897 1285 3958 alierre
1305 3910 1380 3972 pos-

388 4015 452 4057 sum
474 4008 551 4076 quae
573 3997 714 4062 Tacitinis
744 4019 847 4080 parum
871 4004 1074 4079 conveniunt,
1103 4006 1158 4065 sed
1187 4002 1379 4081 expluribus

392 4104 450 4168 duo
471 4123 656 4169 memorasse
678 4108 814 4172 sufficiet
850 4111 882 4173 ln
906 4114 988 4176 exitu
1008 4112 1149 4174 dramatis
1161 4119 1204 4185 (v.
1218 4109 1278 4172 960
1297 4118 1379 4194 sqq.)
