3058 5026
430 576 504 638 Aer.
521 575 555 636 ss.
580 575 665 638 Vens.
679 574 853 638 386-421.
1098 576 1137 637 23

145 757 298 819 Pandebat
319 757 414 838 ultro,
432 763 490 818 tum
511 758 570 835 piis
592 756 664 816 i'etix
684 774 794 835 parens
823 735 828 738 ⁵

65 863 122 916 405
143 864 182 926 Et
202 871 265 926 tuta
289 865 424 928 alurnois.
468 865 534 926 Atia
557 865 610 924 sed
633 863 755 926 suboles
777 863 873 925 minus

144 970 314 1050 Conspecta
335 965 444 1032 mitiss
468 971 596 1032 Tertium
619 970 726 1032 sollers
747 987 844 1051 genus

141 1078 245 1140 Novas
267 1077 305 1140 ad
327 1084 408 1140 artes
432 1077 560 1154 exstitit,
583 1083 719 1138 sanctum
744 1083 852 1138 tamen.

141 1185 214 1245 Mox
234 1185 416 1265 inquietum,
439 1185 518 1264 quod
538 1184 623 1264 sequi
643 1202 733 1246 cursu
755 1183 837 1245 feras

141 1292 277 1352 Auderct
297 1310 405 1369 acres;
428 1293 566 1356 fluctibus
589 1299 685 1359 tectos
708 1293 794 1373 gravi

64 1398 121 1450 41⁰
142 1398 313 1482 Extrahere,
329 1395 532 1478 pIsces'rete,
550 1399 598 1460 vei
622 1398 736 1460 calamo
760 1399 819 1460 tevi

69 1525 73 1532 ·
140 1505 289 1583 Decipere
312 1507 471 1578 volucres;
493 1521 632 1583 premere
646 1505 801 1566 subiectos
824 1506 895 1584 iugo

140 1611 255 1672 tauros
278 1611 416 1686 feroces3
440 1627 563 1671 vomere
587 1611 746 1672 immunem
768 1610 850 1688 prius

140 1718 264 1780 Sutoare
286 1725 417 1795 terram,
439 1719 521 1779 laesa
545 1735 624 1796 quae
645 1717 840 1803 imgesssuas

143 1826 269 1892 Interius
293 1827 351 1889 alte
373 1827 507 1903 condidit
530 1844 620 1888 sacro
641 1826 718 1887 sinu.

14 2003 19 2014 ἢ
63 1938 120 1988 415
141 1933 200 1996 Sed
219 1935 248 1994 in
270 1937 404 2014 peremis
423 1937 542 1996 viscera
566 1936 685 1996 intravit
706 1952 779 1996 suae

139 2029 280 2100 Deterior
302 2047 402 2100 aetas:
424 2041 500 2102 emit
523 2039 634 2100 terrum
655 2057 750 2119 grave
818 2102 821 2106 ,
847 2095 851 2101 .

138 2123 327 2224 Aurumque,
353 2162 462 2206 saevas
484 2163 555 2205 mox
576 2152 607 2206 et
629 2145 754 2206 armavit
775 2161 899 2220 manos3

138 2253 245 2313 Partito
271 2253 345 2312 fines
370 2271 464 2333 regna
489 2253 658 2330 constituit,
678 2270 774 2314 novas

137 2357 290 2419 Exstruxit
309 2361 400 2420 urbes
412 2379 421 2434 3
444 2363 522 2418 tecta
545 2357 679 2419 defendit
701 2358 765 2418 suis

61 2472 117 2523 420
138 2463 245 2525 Aliena
266 2465 331 2526 telis
354 2473 406 2527 aut
427 2467 511 2544 petiit
532 2463 664 2544 praedae
685 2463 850 2523 imminens.
925 2529 930 2543 ἱ

136 2570 398 2650 Neglectaterms
424 2572 498 2652 sugit
520 2578 550 2632 et
572 2587 672 2633 mores
694 2569 776 2630 feros

193 2811 241 2855 409.
270 2816 337 2867 prom
353 2814 490 2856 Gronovius:
505 2815 593 2855 codices
607 2825 695 2868 proces.
733 2799 734 2802 Ἰ
792 2810 855 2854 tlte
871 2809 958 2852 codices
973 2809 1129 2879 aitqucttnou

192 2893 355 2946 Ultrntecttnust
367 2899 417 2946 post
433 2897 536 2948 decipere
550 2898 656 2938 volucres
667 2895 752 2936 addunt
763 2901 826 2938 erute
843 2899 883 2935 out
899 2895 944 2935 teat
956 2898 1032 2935 tenere
1042 2895 1129 2946 laqueo.

191 2971 239 3016 ttt.
268 2985 356 3017 vomere
370 2983 445 3022 margo
462 2973 494 3012 ed.
509 2973 673 3024 Lugdunensis:
689 2973 776 3014 codices
792 2973 892 3016 aotam.

137 3175 168 3224 tis
187 3175 330 3226 Stoicorum
351 3172 383 3222 de
403 3172 509 3223 interitu
532 3171 598 3223 caeli
618 3179 754 3241 terraeque
775 3188 806 3223 ac
825 3178 978 3224 renascente
997 3187 1066 3224 novo
1085 3188 1130 3224 re·

137 3283 190 3318 rum
209 3267 298 3318 ordine
316 3274 450 3334 proponat.
500 3266 568 3332 quod
588 3273 616 3316 ut
638 3273 709 3318 recte
733 3268 914 3334 acciperetur,
943 3276 1004 3320 torae
1029 3283 1076 3335 pro
1098 3282 1130 3319 eo

137 3361 278 3428 quoderat
297 3378 366 3411 nanc
384 3359 520 3411 substituto
539 3361 669 3426 prospexi.

208 3453 269 3505 400.
305 3455 375 3506 stit:
398 3455 419 3505 ai
440 3454 556 3506 codicum
580 3456 730 3540 scripturam
748 3471 808 3505 sous
827 3462 962 3517 tenemus,
990 3469 1132 3538 pronomen

138 3545 215 3612 plane
234 3545 324 3596 inutile
343 3554 426 3598 estet
444 3550 531 3613 inepta
550 3549 677 3598 sententia
697 3527 823 3615 emergit:
842 3549 936 3613 etenim
955 3535 1047 3616 gentes
1063 3565 1132 3600 arma

138 3640 240 3706 quidem
261 3640 427 3706 possedisse,
450 3642 495 3694 sed
524 3647 609 3692 tamen
629 3657 681 3692 non
702 3643 814 3694 cinxisse
835 3643 884 3694 sibi
902 3641 1040 3695 dicuntur.
1068 3659 1131 3693 sen-

138 3734 235 3783 tentiae
253 3742 337 3783 autem
354 3739 549 3800 perversitatem
568 3739 589 3788 si
603 3739 685 3788 vitare
701 3739 768 3788 veiis
786 3739 835 3788 hac
847 3736 1021 3804 distinguendi
1032 3738 1132 3786 ratione

137 3842 191 3876 noo
208 3842 284 3876 arma
303 3835 390 3892 peotes
409 3832 512 3898 ciuyere
530 3840 675 3896 assuerant,
691 3847 752 3882 sous
771 3833 851 3882 mitads
867 3847 916 3882 neo
932 3831 1025 3896 ordea,
1045 3831 1131 3881 conti-

138 3935 189 3996 nuo
204 3927 331 3974 structura
349 3936 400 3972 non
419 3923 507 3975 Latina
526 3935 552 3976 et
574 3928 651 3976 inane
671 3941 813 3992 pronomen
832 3927 954 3977 oriuntur.
990 3933 1019 3976 ut
1036 3923 1132 3990 duplex

138 3993 186 4065 hoc
213 4010 402 4065 incommodum
434 4025 614 4081 amoveretur,
639 4018 688 4068 siti
712 4018 805 4083 scripsi
835 4023 861 4066 ct
885 4017 975 4066 vitium
999 4029 1060 4065 sous
1086 4029 1132 4064 or-

137 4115 189 4159 tum
213 4125 273 4161 esse
300 4109 377 4162 credo
409 4112 551 4178 scripturae
577 4113 729 4178 compendio
754 4124 888 4178 perperam
914 4125 929 4162 a
957 4105 1061 4162 librario
1091 4111 1133 4162 in-

139 4201 251 4255 tellecto.
395 4203 401 4210 ’
1058 4205 1062 4212 ’
