3078 5016
475 527 550 588 Aer.
568 528 591 590 Ι.
616 528 701 594 Vens.
720 532 850 597 14-56.

125 699 299 760 teudinus
323 701 407 762 aulae
430 705 564 784 quisquis
585 707 730 770 attonitus
753 714 868 787 stupet,
1025 681 1026 686 ἵ
1179 727 1376 824 {paerpmmmam

173 806 278 867 Subito
300 806 427 870 labantis
450 827 523 872 ecce
546 812 698 876 Fortunae
719 820 829 899 impetu

171 907 262 973 Modo
285 923 509 994 praepotentem
532 931 637 983 cernat
655 942 792 990 euersam
816 933 935 997 domurn

172 1020 358 1100 stirpemque
381 1025 504 1101 Claudi,
528 1030 758 1114 cuius2imperi0
784 1038 836 1100 fult

172 1126 328 1188 subiectus
352 1131 450 1206 orbis,
472 1137 568 1212 paruit
588 1137 664 1200 liber
688 1141 738 1202 diu

123 1228 159 1282 4⁰
172 1233 312 1295 Oceanus
334 1242 364 1296 et
384 1241 498 1330 recepit
518 1242 627 1306 invitus
645 1253 736 1314 rates.

169 1340 214 1400 En
236 1343 286 1419 qui
307 1343 455 1407 Britannis
475 1349 587 1426 primus
609 1353 747 1432 imposuit
767 1359 884 1439 iugum,
1178 1376 1270 1418 suetan.
1287 1377 1375 1446 rupa

163 1447 274 1536 lgnota
297 1455 327 1509 et
351 1458 419 1512 ante
441 1455 588 1518 elassibus
611 1463 684 1522 texit
700 1452 799 1536 ¹treta,
841 1441 844 1453 ⁸
1176 1433 1353 1542 ffrffffm‘

170 1552 309 1634 lnterque
331 1565 438 1634 gemes
459 1561 602 1624 barbaras
625 1572 703 1628 tutus
728 1569 781 1630 suit

171 1659 208 1721 Et
227 1679 319 1722 saeua
342 1667 451 1740 maria,
477 1671 614 1751 coniugis
636 1674 755 1736 scelere
777 1678 911 1756 occidit,

120 1783 155 1835 45
170 1767 241 1828 lllox
261 1768 309 1828 illa
333 1770 416 1846 nati3
438 1775 523 1834 cuius
547 1777 696 1840 extinctus
716 1781 795 1843 iacet

168 1875 272 1936 Frater
294 1879 444 1955 venenis,
468 1890 582 1944 inaeret
604 1885 706 1948 infelix
726 1905 816 1953 soror
1173 1891 1374 1988 fgssssfffflff

167 1980 339 2060 Eademque
360 1983 490 2058 coniux3
513 2003 569 2048 nec
592 2006 704 2067 graves
726 1992 822 2056 luctus
847 1995 935 2058 valet
992 2041 995 2048 .
1175 1979 1218 2043 1¹¹2>
1241 2015 1275 2054 aa·
1290 2001 1374 2055 Xirhtt

167 2088 214 2148 lra
236 2097 341 2152 coacta
364 2098 476 2171 tegere.
522 2095 658 2159 Crudelis
678 2102 735 2162 viri
1173 2059 1225 2100 m
1240 2059 1258 2099 γ’

168 2195 291 2258 Secreta
313 2197 425 2279 refugit
447 2219 579 2282 semper,
602 2213 690 2285 etque
712 2209 784 2272 odio
804 2215 870 2291 puri

122 2301 287 2363 ooArdens
307 2306 429 2368 maritus
450 2316 548 2370 mutua
569 2311 677 2392 flagrat
699 2315 776 2377 lace.

168 2411 305 2474 Animum
331 2405 460 2474 dolentis
482 2423 583 2477 nostra
607 2420 721 2481 solatur
742 2421 817 2481 lrdes

168 2519 323 2596 Pietasque
343 2519 467 2580 frustra:
489 2525 583 2580 mutat
602 2522 722 2584 immitis
745 2523 833 2586 dolor

149 2685 151 2690 ,
170 2623 302 2684 Consilia
322 2630 443 2700 nostra,
464 2643 522 2686 nec
544 2628 609 2708 regi
630 2631 738 2690 mentis
762 2638 861 2710 potest
934 2714 937 2720 ¹

170 2729 342 2792 Generosus
364 2730 476 2806 ardor,
498 2732 553 2792 sed
574 2733 659 2795 malis
681 2737 761 2797 vires
786 2738 874 2817 capit.

120 2843 155 2895 55
170 2837 233 2899 lleu
253 2857 340 2916 quam
360 2839 522 2902 uelandum
544 2843 689 2920 prospicit
711 2851 816 2906 noster
830 2845 928 2921 timor

167 2942 289 3022 Scelus,
311 2943 390 3023 quod
409 2947 520 3006 utinam
542 2963 652 3006 numen
676 2955 791 3028 avertat
813 2952 910 3010 deum.

223 3179 257 3222 ll.
287 3184 408 3226 Britannia
423 3183 530 3235 Scaliger:
551 3187 639 3228 codices
661 3201 702 3231 ora
718 3193 801 3232 tonuit.
901 3189 935 3234 42.
955 3197 979 3234 et
993 3199 1047 3236 orate
1061 3193 1157 3246 Lipsius:

223 3261 311 3302 codices
328 3267 407 3306 tantis.
493 3265 526 3308 50.
556 3268 638 3309 ardeas
652 3270 757 3320 esuritur]
777 3271 860 3314 urdene
880 3275 957 3316 mariti
979 3271 1079 3316 codices:
1100 3274 1157 3316 Gro-

224 3345 305 3382 novius
325 3345 389 3385 ordet
409 3344 540 3388 maritaret
556 3357 608 3386 rnox
623 3345 731 3400 flagrant,
753 3349 846 3390 Botlrius
861 3361 937 3392 anteat
951 3355 1046 3395 ararites
1062 3364 1089 3393 ex
1103 3353 1157 3396 libro

224 3417 374 3462 Ultralectlno.

166 3650 305 3714 praecipue
323 3660 448 3704 versatur.
468 3659 516 3722 sun
537 3664 576 3706 est
587 3660 680 3708 artioris
699 3667 725 3710 et
741 3667 899 3728 inclausum,
917 3660 967 3728 qu'a
983 3667 1063 3716 reatui
1080 3667 1161 3716 animi

100 3797 104 3800 ,
168 3741 212 3818 (cl.
234 3740 328 3790 Catull.
346 3745 411 3798 XLV
428 3748 474 3814 20)
491 3752 592 3801 accensi
613 3751 729 3818 flagrant.
765 3755 818 3804 odii
838 3755 920 3804 lacem
941 3755 962 3804 si
981 3755 1031 3806 dici
1052 3764 1158 3822 statuas,

167 3833 237 3884 iners
257 3833 400 3900 tautologia
418 3841 540 3898 nascitur.

237 3963 280 4015 52.
316 3935 396 4013 motat
415 3964 518 4016 immitia
546 3969 619 4020 dolor
639 3969 749 4021 consilia
771 3981 880 4022 nostra:
909 3973 935 4020 in
960 3975 1113 4023 contrarium
1131 3983 1158 4026 ut

166 4055 282 4106 recidant
302 4056 410 4108 consilia
427 4065 514 4110 nostru
533 4069 560 4110 et
586 4062 775 4116 adhortationes
794 4065 865 4130 pacis
888 4073 914 4116 et
932 4067 1033 4130 amoris,
1054 4067 1156 4120 immitis

167 4146 286 4204 alumnae
306 4147 379 4204 dolor
399 4151 486 4203 allicit.
524 4151 617 4206 trustra
635 4154 755 4208 haeretur
771 4159 799 4208 in
817 4172 883 4210 voce
902 4167 992 4210 madar.
1056 4237 1058 4244 J
