3078 5016
391 573 457 635 XIV
777 575 994 637 Pararnrronrs

390 753 458 814 dum
477 752 631 831 Catonem,
648 753 693 814 sio
712 752 800 814 etiam
813 753 971 814 Domitium
988 753 1125 832 proxime
1142 753 1297 814 recitatam
1316 769 1385 813 esse

389 857 507 920 medas.
549 858 623 921 Nam
648 860 808 920 Domitium
830 858 961 938 pluribus
981 861 1068 920 annis
1093 865 1162 921 ante
1184 861 1385 938 conscriptam

389 981 459 1026 esse
473 965 625 1027 attactam
639 967 714 1026 altor
734 965 865 1026 ostendit
881 964 1015 1026 eiusdem
1032 967 1133 1046 operis
1143 965 1268 1026 'iacitini
1289 966 1385 1050 iocus,

386 1071 593 1132 ubiblaternus
616 1073 680 1151 ipse
693 1071 771 1130 haee
784 1071 877 1132 verba
894 1071 966 1132 iacit
988 1090 1015 1132 c.
1032 1075 1065 1133 11
1079 1095 1087 1132 :
1104 1071 1169 1151 Eoo
1191 1078 1291 1132 antem
1306 1073 1385 1133 sicat

385 1178 541 1238 incoatis
565 1177 688 1255 coendia
708 1177 826 1254 efficere
849 1176 964 1254 aliquid
992 1182 1020 1234 ct
1053 1176 1124 1236 eniti
1142 1178 1278 1256 fortasse
1302 1197 1382 1256 pos-

388 1304 471 1362 sam,
494 1286 537 1345 ito
559 1285 735 1344 recitatione
755 1284 979 1362 trnoocdiornm
1003 1289 1031 1342 ct
1052 1283 1167 1362 inqredi
1187 1283 1301 1363 fantem
1322 1303 1383 1345 ou-

386 1391 525 1469 spioatas
552 1409 642 1466 snm,
680 1408 746 1449 curu
775 1389 893 1466 quidem
920 1389 952 1447 in
972 1386 1093 1448 Nerone
1108 1391 1136 1465 ⁵)
1167 1388 1334 1464 inprobam
1355 1396 1383 1449 et

387 1497 556 1557 stadiorum
583 1509 700 1574 quoqne
729 1512 823 1555 sacro
840 1493 1057 1573 profanantem
1084 1493 1193 1554 Vatinii
1218 1501 1385 1571 potentium

382 1603 472 1682 freni,
496 1610 524 1662 et
545 1601 644 1675 bodie,
666 1599 788 1678 siquid
809 1603 841 1662 in
860 1601 947 1662 nobis
970 1601 1096 1662 notitiae
1119 1619 1157 1663 oc
1177 1602 1306 1662 nominis
1329 1609 1383 1678 est,

385 1708 482 1787 manis
499 1705 635 1767 arbitror
653 1705 819 1765 carminum
841 1721 931 1782 qnam
943 1695 1114 1766 orationum
1133 1706 1232 1784 yterio
1248 1717 1381 1787 portum.

387 1813 497 1881 Fabula
520 1829 597 1891 quae
624 1809 756 1872 Neronis
779 1815 901 1874 nomine
925 1812 956 1872 in
985 1812 1032 1874 iris
1061 1812 1163 1874 verbis
1195 1834 1382 1879 commemo-

388 1930 471 1985 ratur
489 1901 626 2002 primum¹
639 1922 758 1982 nonnisi
773 1928 928 2001 praetexta
949 1929 1049 2002 potest
1075 1940 1156 1999 esse,
1179 1940 1240 1984 uon
1254 1932 1382 2004 tragoe-

387 2029 436 2091 dia
458 2029 613 2090 eGraacis
637 2047 797 2108 conversa,
817 2036 889 2105 tum,
911 2030 979 2109 quia
993 2030 1066 2091 Cato
1090 2037 1120 2092 et
1134 2031 1280 2092 Domitius
1301 2051 1380 2096 unae

347 2171 351 2178 ·
386 2142 482 2208 erant,
504 2153 578 2214 quas
601 2153 774 2216 exgenere
796 2143 1017 2215 praetextarum
1039 2136 1136 2198 adhuc
1155 2137 1307 2198 Maternus
1327 2155 1381 2199 re-

386 2243 552 2318 citaverat,
581 2242 744 2303 Domitium
776 2249 806 2303 et
825 2243 975 2305 Neronem
1003 2243 1062 2304 duo
1093 2244 1215 2304 nomIna
1244 2245 1379 2306 eiusdem

387 2349 488 2428 operis
510 2365 579 2410 esse
602 2351 804 2428 consequitur.
848 2349 929 2412 idem
962 2358 1030 2412 ante
1058 2369 1106 2411 me
1130 2357 1214 2412 recte
1236 2351 1380 2414 intellexit

384 2453 583 2520 Neukirchius
604 2455 636 2516 in
660 2445 736 2516 libro
757 2473 813 2517 suo
836 2457 882 2517 De
905 2456 1004 2518 sabula
1018 2457 1132 2538 Togata
1142 2457 1268 2519 Roman.
1283 2478 1311 2538 p.
1327 2459 1379 2539 93,

384 2563 564 2626 Eckstenius
586 2563 753 2643 Prolegom.
777 2563 807 2624 in
820 2563 896 2625 Dial.
918 2563 958 2624 de
968 2563 1145 2626 Oratoribus
1165 2584 1193 2645 p.
1210 2567 1248 2642 8,
1271 2565 1379 2626 Welc-

384 2671 475 2732 karus
501 2673 531 2730 in
553 2669 702 2749 Tragoed.
739 2671 788 2732 Gr.
808 2678 829 2731 t.
850 2669 899 2732 111.
926 2689 954 2749 p.
983 2670 1072 2738 1464.
1113 2672 1172 2736 Sed
1190 2690 1299 2733 nornen
1319 2673 1380 2733 du-

382 2776 451 2856 plex
473 2774 606 2837 eiusdem
630 2774 749 2835 fabulae
771 2775 867 2836 minus
889 2782 989 2851 recte,
1010 2777 1036 2836 si
1063 2776 1133 2855 quid
1158 2778 1258 2855 video,
1281 2777 1379 2854 adhuc

451 2965 479 3035 5)
496 2964 613 3020 Nominis
636 2963 742 3012 formam
759 2961 902 3034 inNarone
922 2975 974 3012 non
991 2963 1136 3014 mutandam
1154 2962 1236 3013 fuisse
1255 2975 1312 3011 eum
1332 2960 1378 3011 alii

383 3059 511 3122 viderunt,
530 3067 583 3108 tum
602 3055 756 3108 Weiciterus
776 3055 912 3122 (Tragoed.
932 3055 1021 3112 Gracc.
1041 3055 1147 3108 secund.
1167 3056 1232 3121 cycl.
1254 3072 1296 3122 ep.
1321 3056 1377 3106 dis-

381 3169 438 3220 pos.
461 3153 534 3204 tltt.
554 3168 580 3217 p.
597 3149 675 3214 1462)
704 3165 787 3213 nrtper
807 3150 927 3201 ostendit.
970 3151 1051 3200 codex
1072 3151 1271 3212 Pannoniarum,
1300 3161 1376 3214 quem

380 3247 476 3300 Trossii
496 3245 631 3310 diligentia
648 3243 817 3308 cognovimus
843 3257 971 3308 quemque
990 3258 1059 3292 nunc
1078 3241 1194 3292 aradibus
1221 3243 1285 3292 meis
1313 3259 1376 3292 vcr-

379 3356 437 3392 sare
453 3338 516 3390 rniiri
535 3336 605 3400 licet,
623 3337 652 3385 in
673 3326 776 3386 Nerone
791 3333 907 3397 exbibet,
940 3348 1022 3400 eaque
1044 3349 1105 3383 vera
1125 3343 1164 3384 est
1187 3338 1313 3402 scriptura
1333 3335 1375 3386 le-

379 3435 446 3484 viter
463 3434 564 3483 vitiata:
605 3431 672 3482 idom
700 3429 766 3480 iiber
791 3427 993 3496 perbonuspro
1021 3431 1105 3496 frmi,
1136 3439 1160 3481 et
1183 3431 1277 3480 nudum
1307 3433 1375 3498 freni

379 3527 493 3592 praebet,
514 3523 583 3589 quod
601 3539 633 3572 ex
651 3525 735 3591 frenci
750 3531 776 3573 et
796 3521 846 3574 hoc
863 3539 951 3573 rursus
972 3538 1004 3572 ex
1023 3525 1115 3590 srey'et
1134 3532 1217 3573 ortum
1237 3524 1373 3585 existimo3

339 3677 342 3684 ¹
378 3627 449 3668 certe
471 3615 620 3682 particulam
640 3625 664 3666 et
679 3617 801 3666 orationis
821 3617 981 3666 concinnitas
1000 3617 1121 3682 postulat,
1140 3617 1256 3682 quamvis
1275 3617 1373 3667 iniirnra

287 3695 294 3702 ’
377 3713 493 3764 codicum
513 3711 664 3762 auctoritate
685 3709 824 3758 munitam:
843 3708 911 3776 quod
935 3708 1003 3759 enim
1021 3707 1155 3759 Beititerus
1175 3725 1207 3760 ex
1226 3710 1291 3760 iibrc
1309 3711 1373 3761 Far-

377 3808 486 3856 nesiano
505 3814 531 3855 et
543 3805 689 3855 waltherus
709 3819 741 3853 ex
760 3803 850 3854 eodem
865 3803 936 3854 fonte
952 3806 1029 3872 fraqi,
1049 3813 1073 3856 et
1093 3803 1246 3856 rettulerunt
1257 3843 1266 3868 ,
1285 3806 1311 3852 id
1330 3819 1372 3853 er-

377 3900 428 3950 rori
448 3897 609 3948 tribuendum
637 3913 695 3947 esse
712 3905 784 3963 puto,
807 3906 833 3948 et
851 3906 913 3963 puto
934 3898 1038 3964 quidem
1055 3900 1163 3965 primurn
1184 3905 1288 3964 propter
1307 3911 1389 3952 con-¹

379 3996 482 4044 trarium
499 3991 626 4045 Schrautii
645 3993 836 4055 testimoniam,
857 4000 909 4042 tunr
931 4001 1037 4060 propter
1055 3996 1205 4059 scripturam
1226 3990 1294 4041 iliam
1314 3991 1372 4041 iibri

377 4087 558 4150 Perizoniani,
585 4087 629 4153 qui
650 4085 806 4138 Famesittno
837 4087 863 4136 in
889 4085 1021 4153 plerisque
1040 4085 1174 4138 consentit.
1211 4085 1244 4136 de
1261 4086 1372 4142 neminis

383 4179 481 4232 Vatinii
498 4182 578 4232 tonna
597 4180 662 4231 intra
683 4181 813 4246 copiosius
834 4180 1011 4246 disputabitur.
