3078 5016
359 603 364 618 ἱ
387 531 509 596 XXVIII
772 531 989 591 Pauasfflonrs

311 685 316 698 ι
389 717 489 778 minor
509 717 597 798 atque
627 729 703 773 unus
732 712 793 774 hoc
827 713 950 774 saeculo
980 711 1144 776 tabularum
1170 718 1390 792 praetextamm

388 823 518 901 scriptor
539 826 570 882 et
590 819 762 880 recitator?

472 928 547 989 Hinc
570 941 675 988 rursus
696 925 858 1003 nonnulla,
881 942 1006 1004 quorum
1031 926 1108 986 ratic
1130 925 1162 986 in
1186 925 1385 1004 dispositione

390 1035 534 1096 Octaviae
556 1033 667 1112 alioqui
688 1033 763 1092 mira
785 1011 836 1092 aut
857 1031 988 1092 obscura
1012 1031 1164 1108 videatur,
1191 1031 1303 1094 lumine
1326 1051 1382 1094 suo

387 1139 607 1202 collustrantur.
662 1139 784 1202 Scilicet
807 1145 869 1200 tota
897 1138 961 1198 lere
984 1137 1083 1199 labala
1108 1139 1235 1220 singulis
1258 1140 1384 1218 quibus-

388 1243 456 1307 dam
492 1244 766 1308 declamatiunculis
796 1244 967 1305 recitationi
998 1246 1131 1324 peraptis
1159 1245 1216 1306 sed
1244 1247 1323 1307 inter
1349 1262 1383 1306 sc

384 1369 488 1432 parurn
509 1353 657 1413 connexis
677 1358 813 1412 constat:
838 1357 943 1412 eontra
960 1349 1089 1413 actionis·
1105 1357 1151 1413 est
1172 1353 1298 1432 insignis
1313 1352 1384 1413 ino-

384 1459 446 1538 pia,
470 1475 569 1539 neque
590 1473 699 1518 severa
720 1457 894 1518 observatio
916 1474 1049 1532 scenae,
1080 1459 1111 1518 ln
1133 1477 1220 1538 quarn
1243 1458 1386 1519 dramatis

385 1580 537 1645 personae
559 1565 785 1643 producamur,
819 1565 1003 1645 agnoscitur.
1056 1565 1151 1628 Etiam
1183 1565 1265 1646 quod
1299 1566 1384 1626 chori

388 1671 505 1732 cantica
526 1669 600 1752 solis
622 1672 794 1749 anapaestis
825 1670 1046 1749 absolvuntur,
1078 1673 1266 1734 recitationis
1285 1674 1383 1750 gratia

386 1778 548 1838 institutum
569 1775 708 1838 videtur:
739 1779 893 1854 anapaesti
921 1779 1012 1838 enim·
1025 1777 1102 1838 κατὰ
1126 1780 1233 1856 στίχον
1254 1795 1383 1856 compo·

384 1883 435 1944 siti
457 1883 495 1944 ad
517 1881 704 1943 recitandum
738 1883 882 1962 aptissimi
904 1889 997 1960 sunt,
1030 1883 1146 1944 numeri
1177 1889 1324 1944 mutantes
1353 1891 1384 1946 ct

384 1989 659 2052 varilcanentilrus
682 1990 761 2052 bene
782 1993 987 2068 conveniunt,
1017 1990 1072 2052 sed
1094 2009 1111 2052 a
1132 1992 1282 2054 recitante
1302 1992 1384 2056 difli-

388 2097 474 2159 eillus
496 2097 680 2160 efferuntur·

463 2203 524 2264 lam
548 2205 680 2266 sirecte
703 2186 879 2285 meritoque
892 2205 1048 2270 Octaviam
1081 2207 1119 2268 ad
1141 2207 1304 2268 Maternum
1324 2223 1382 2268 au-

385 2314 501 2370 ctorem
524 2309 713 2389 rettulimus,
750 2329 816 2373 eam
850 2319 949 2375 tamen
979 2319 1048 2394 post
1079 2331 1188 2376 annum
1220 2313 1380 2376 aClrristo

385 2422 456 2478 nalo
480 2421 733 2502 septuagesimum
755 2423 887 2500 quintum
923 2425 964 2484 in'
987 2422 1084 2484 lucem
1106 2422 1216 2484 editam
1238 2439 1308 2484 esse
1330 2422 1380 2483 dl-

385 2541 496 2588 cemus.
548 2525 656 2590 Adhuc
680 2530 760 2590 enim
781 2530 933 2592 Maternus
964 2530 1039 2592 duas
1061 2531 1265 2620 tantummodo
1286 2548 1379 2610 prae-

381 2637 479 2693 textas
512 2634 732 2714 evulgaverat,
761 2638 920 2699 Domitium
951 2645 982 2699 et
1011 2639 1164 2700 Catonem.
1223 2638 1379 2700 Octaviam

380 2751 455 2796 uero
480 2744 549 2816 post
569 2741 709 2819 scriptam
740 2747 771 2801 et
790 2742 945 2802 recitatam
968 2741 1089 2803 'lucitus
1112 2745 1143 2803 in
1164 2743 1294 2823 Dialogo
1319 2761 1376 2804 suu

382 2859 623 2908 commemorare
644 2845 777 2908 nondum
798 2849 903 2927 potuit.
937 2847 1040 2927 Neque
1057 2865 1132 2910 vero
1153 2849 1264 2912 indicia
1288 2856 1378 2912 aeta-

382 2951 421 3012 tis
443 2969 482 3012 ex
504 2952 630 3016 Octavia
652 2959 722 3016 ante
744 2972 762 3015 a
784 2954 873 3016 nobis
903 2954 1018 3034 prolata
1039 2955 1110 3018 lruic
1139 2957 1185 3018 rei
1207 2957 1378 3018 adversan-

383 3065 452 3122 tur:
475 3062 548 3123 nilril
574 3066 652 3126 caim
668 3065 709 3154 'iis
729 3070 881 3125 ostensum
904 3069 950 3126 est
971 3066 1030 3126 nisi
1052 3064 1130 3142 huo,
1166 3065 1261 3126 tribus
1283 3064 1377 3124 mirri-

378 3183 457 3226 mam
480 3170 568 3229 annis
591 3177 661 3248 post
683 3171 820 3233 Senecae
843 3177 971 3232 mortem
994 3185 1061 3231 eam
1091 3169 1221 3232 fabulam
1248 3177 1378 3250 compo-

384 3272 471 3334 sitam
492 3291 574 3336 osse.

386 3525 422 3596 V.
467 3527 636 3606 Quaedam
652 3529 693 3592 de
717 3536 835 3594 eventa
853 3529 1025 3608 Octavius,
1043 3528 1105 3610 sed
1125 3533 1162 3594 in
1181 3533 1376 3594 coniectura

464 3639 586 3719 positu.

464 3814 510 3876 De
531 3816 611 3874 vitae
630 3813 689 3874 line
710 3813 836 3876 Materni
857 3813 1025 3894 Xiphilinus
1050 3814 1081 3875 in
1102 3814 1263 3878 Domitiani
1283 3812 1376 3874 rebus

381 3916 460 3982 anno
490 3921 689 4000 nonagesimo
721 3921 816 3998 primo
853 3927 923 3999 post
955 3919 1103 3984 Christum
1133 3928 1234 3982 natum
1262 3934 1377 3996 perpa-

382 4031 466 4089 tratis
487 4027 564 4090 haec
585 4045 680 4110 pauca
700 4027 794 4090 refert
813 4025 917 4088 LXVll
941 4029 997 4089 12:
1029 4025 1199 4104 Μάτερνον
1219 4025 1255 4086 δὲ
1274 4045 1369 4106 σοφι.

376 4127 478 4214 στῆν,
508 4125 557 4196 ὅτι
590 4133 666 4196 κατὰ
696 4128 860 4217 τυράννων
889 4124 958 4196 εἶπέ
980 4155 1009 4194 τι
1039 4130 1165 4210 ἀσκῶν,
1198 4128 1372 4194 ἀπέκτεινε.
